@inproceedings{hesterNew17,
 author = {Hester, Josiah and Sorber, Jacob},
 title = {The Future of Sensing is Batteryless, Intermittent, and Awesome},
 booktitle = {Proceedings of the 15th ACM Conference on Embedded Network Sensor Systems},
 series = {SenSys '17},
 year = {2017},
 isbn = {978-1-4503-5459-2},
 location = {Delft, Netherlands},
 pages = {21:1--21:6},
 articleno = {21},
 numpages = {6},
 url = {http://doi.acm.org/10.1145/3131672.3131699},
 doi = {10.1145/3131672.3131699},
 acmid = {3131699},
 publisher = {ACM},
 address = {New York, NY, USA},
 keywords = {Batteryless, Energy harvesting, Intermittent, Sensing},
}

@inproceedings{hesterTragedy15,
 author = {Hester, Josiah and Sitanayah, Lanny and Sorber, Jacob},
 title = {Tragedy of the Coulombs: Federating Energy Storage for Tiny, Intermittently-Powered Sensors},
 booktitle = {Proceedings of the 13th ACM Conference on Embedded Networked Sensor Systems},
 series = {SenSys '15},
 year = {2015},
 isbn = {978-1-4503-3631-4},
 location = {Seoul, South Korea},
 pages = {5--16},
 numpages = {12},
 url = {http://doi.acm.org/10.1145/2809695.2809707},
 doi = {10.1145/2809695.2809707},
 acmid = {2809707},
 publisher = {ACM},
 address = {New York, NY, USA},
 keywords = {capacitor, embedded system, energy harvesting, federated energy, task coupling},
}

@inproceedings{hesterFlicker17,
 author = {Hester, Josiah and Sorber, Jacob},
 title = {Flicker: Rapid Prototyping for the Batteryless Internet-of-Things},
 booktitle = {Proceedings of the 15th ACM Conference on Embedded Network Sensor Systems},
 series = {SenSys '17},
 year = {2017},
 isbn = {978-1-4503-5459-2},
 location = {Delft, Netherlands},
 pages = {19:1--19:13},
 articleno = {19},
 numpages = {13},
 url = {http://doi.acm.org/10.1145/3131672.3131674},
 doi = {10.1145/3131672.3131674},
 acmid = {3131674},
 publisher = {ACM},
 address = {New York, NY, USA},
 keywords = {Batteryless, Energy Harvesting, Flicker, Intermittent, Wearable},
}

@inproceedings{hesterTimely17,
 author = {Hester, Josiah and Storer, Kevin and Sorber, Jacob},
 title = {Timely Execution on Intermittently Powered Batteryless Sensors},
 booktitle = {Proceedings of the 15th ACM Conference on Embedded Network Sensor Systems},
 series = {SenSys '17},
 year = {2017},
 isbn = {978-1-4503-5459-2},
 location = {Delft, Netherlands},
 pages = {17:1--17:13},
 articleno = {17},
 numpages = {13},
 url = {http://doi.acm.org/10.1145/3131672.3131673},
 doi = {10.1145/3131672.3131673},
 acmid = {3131673},
 publisher = {ACM},
 address = {New York, NY, USA},
 keywords = {Batteryless, Energy harvesting, Intermittent, Task language, Time},
}

@inproceedings{hester2017future,
  title={The future of sensing is batteryless, intermittent, and awesome},
  author={Hester, Josiah and Sorber, Jacob},
  booktitle={Proceedings of the 15th ACM conference on embedded network sensor systems},
  pages={1--6},
  year={2017}
}

@article{sample2008design,
  title={Design of an RFID-based battery-free programmable sensing platform},
  author={Sample, Alanson P and Yeager, Daniel J and Powledge, Pauline S and Mamishev, Alexander V and Smith, Joshua R},
  journal={IEEE transactions on instrumentation and measurement},
  volume={57},
  number={11},
  pages={2608--2615},
  year={2008},
  publisher={IEEE}
}

@inproceedings{colinReconfigurable18,
 author = {Colin, Alexei and Ruppel, Emily and Lucia, Brandon},
 title = {A Reconfigurable Energy Storage Architecture for Energy-harvesting Devices},
 booktitle = {Proceedings of the Twenty-Third International Conference on Architectural Support for Programming Languages and Operating Systems},
 series = {ASPLOS '18},
 year = {2018},
 isbn = {978-1-4503-4911-6},
 location = {Williamsburg, VA, USA},
 pages = {767--781},
 numpages = {15},
 url = {http://doi.acm.org/10.1145/3173162.3173210},
 doi = {10.1145/3173162.3173210},
 acmid = {3173210},
 publisher = {ACM},
 address = {New York, NY, USA},
 keywords = {energy burst, energy-harvesting power system, intermittent computing},
}

@inproceedings{nardello2019camaroptera,
  title={Camaroptera: A batteryless long-range remote visual sensing system},
  author={Nardello, Matteo and Desai, Harsh and Brunelli, Davide and Lucia, Brandon},
  booktitle={Proceedings of the 7th International Workshop on Energy Harvesting \& Energy-Neutral Sensing Systems},
  pages={8--14},
  year={2019}
}

@inproceedings{luciaIntermittent17,
  title={Intermittent Computing: Challenges and Opportunities},
  author={Brandon Lucia and Vignesh Balaji and Alexei Colin and Kiwan Maeng and Emily Ruppel},
  booktitle={SNAPL},
  year={2017}
}

@inproceedings{campbellEnergy14,
 author = {Campbell, Bradford and Dutta, Prabal},
 title = {An Energy-harvesting Sensor Architecture and Toolkit for Building Monitoring and Event Detection},
 booktitle = {Proceedings of the 1st ACM Conference on Embedded Systems for Energy-Efficient Buildings},
 series = {BuildSys'14},
 year = {2014},
 isbn = {978-1-4503-3144-9},
 location = {Memphis, Tennessee},
 pages = {100--109},
 numpages = {10},
 url = {http://doi.acm.org/10.1145/2674061.2674083},
 doi = {10.1145/2674061.2674083},
 acmid = {2674083},
 publisher = {ACM},
 address = {New York, NY, USA},
 keywords = {architecture, building monitoring, energy-harvesting, sensing},
}


@inproceedings{yervaGrafting12,
 author = {Yerva, Lohit and Campbell, Brad and Bansal, Apoorva and Schmid, Thomas and Dutta, Prabal},
 title = {Grafting Energy-harvesting Leaves Onto the Sensornet Tree},
 booktitle = {Proceedings of the 11th International Conference on Information Processing in Sensor Networks},
 series = {IPSN'12},
 year = {2012},
 isbn = {978-1-4503-1227-1},
 location = {Beijing, China},
 pages = {197--208},
 numpages = {12},
 url = {http://doi.acm.org/10.1145/2185677.2185733},
 doi = {10.1145/2185677.2185733},
 acmid = {2185733},
 publisher = {ACM},
 address = {New York, NY, USA},
 keywords = {energy-harvesting sensor node, low power wireless networking},
}

@article{wangCycle11,
title = "Cycle-life model for graphite-LiFePO4 cells",
journal = "Journal of Power Sources",
volume = "196",
number = "8",
pages = "3942 - 3948",
year = "2011",
issn = "0378-7753",
doi = "https://doi.org/10.1016/j.jpowsour.2010.11.134",
url = "http://www.sciencedirect.com/science/article/pii/S0378775310021269",
author = "John Wang and Ping Liu and Jocelyn Hicks-Garner and Elena Sherman and Souren Soukiazian and Mark Verbrugge and Harshad Tataria and James Musser and Peter Finamore",
keywords = "LiFePO battery, Life model, Cell aging, Cycle life"
}

@article{sarasketaCycle15,
title = "Cycle ageing analysis of a LiFePO4/graphite cell with dynamic model validations: Towards realistic lifetime predictions",
journal = "Journal of Power Sources",
volume = "275",
pages = "573 - 587",
year = "2015",
issn = "0378-7753",
doi = "https://doi.org/10.1016/j.jpowsour.2014.10.153",
url = "http://www.sciencedirect.com/science/article/pii/S0378775314017728",
author = "E. Sarasketa-Zabala and I. Gandiaga and E. Martinez-Laserna and L.M. Rodriguez-Martinez and I. Villarreal",
keywords = "Li-ion battery ageing, LiFePO (LFP)/graphite, Cycle-life performance model, Dynamic cycling profiles, Lithium inventory loss (LLI), Loss of active material (LAM)"
}

@INPROCEEDINGS{shenAdvanced13,
author={J. Shen and S. Dusmez and A. Khaligh},
booktitle={2013 IEEE Transportation Electrification Conference and Expo},
series={ITEC'13},
title={An advanced electro-thermal cycle-lifetime estimation model for LiFePO4 batteries},
year={2013},
volume={},
number={},
pages={1-6},
}

@INPROCEEDINGS{guenaDepth06,
author={T. Guena and P. Leblanc},
booktitle={Twenty-Eighth International Telecommunications Energy Conference},
series={INTELEC'06},
title={How Depth of Discharge Affects the Cycle Life of Lithium-Metal-Polymer Batteries},
year={2006},
volume={},
number={},
pages={1-8},
keywords={life testing;secondary-cells;telecommunication power supplies;43 degC;60 degC;DOD;LMP cells;cumulative discharge capacity;cycle life;cycling protocols;depth of discharge;lithium-metal-polymer batteries;telecommunication power supplies;Batteries;Data analysis;Energy storage;Frequency;Lithium;Protocols;Temperature distribution;Testing;US Department of Defense;Voltage},
doi={10.1109/INTLEC.2006.251641},
ISSN={0275-0473},
month={Sept},}
doi={10.1109/ITEC.2013.6574494},
ISSN={},
month={June},}

@article{burnsPredicting13,
  title={Predicting and extending the lifetime of Li-ion batteries},
  author={Burns, JC and Kassam, Adil and Sinha, NN and Downie, LE and Solnickova, Lucie and Way, BM and Dahn, JR},
  journal={Journal of The Electrochemical Society},
  volume={160},
  number={9},
  pages={A1451--A1456},
  year={2013},
  publisher={The Electrochemical Society}
}

@article{hallExperimental18,
title = "Experimental investigation of the thermal and cycling behavior of a lithium titanate-based lithium-ion pouch cell ",
journal = "Journal of Energy Storage ",
volume = "17",
pages = "109 - 117",
year = "2018",
issn = "2352-152X",
doi = "https://doi.org/10.1016/j.est.2018.02.012",
url = "https://www.sciencedirect.com/science/article/pii/S2352152X17302475",
author = "Florian Hall and Jonas Touzri and Sabine Wu√üler and Hilmi Buqa and Wolfgang G. Bessler",
}

@article{omarLithium14,
title = "Lithium iron phosphate based battery---Assessment of the aging parameters and development of cycle life model",
journal = "Applied Energy",
volume = "113",
pages = "1575 - 1585",
year = "2014",
issn = "0306-2619",
doi = "https://doi.org/10.1016/j.apenergy.2013.09.003",
url = "http://www.sciencedirect.com/science/article/pii/S0306261913007393",
author = "Noshin Omar and Mohamed Abdel Monem and Yousef Firouz and Justin Salminen and Jelle Smekens and Omar Hegazy and Hamid Gaulous and Grietus Mulder and Peter Van den Bossche and Thierry Coosemans and Joeri Van Mierlo",
}

@INPROCEEDINGS{millnerModeling10,
author={A. Millner},
booktitle={2010 IEEE Conference on Innovative Technologies for an Efficient and Reliable Electricity Supply},
title={Modeling Lithium Ion battery degradation in electric vehicles},
year={2010},
volume={},
number={},
pages={349-356},
keywords={battery powered vehicles;crack detection;equivalent circuits;lithium;secondary-cells;aging model;battery life cycle prediction;crack propagation;electric vehicles;equivalent circuit model;lithium ion battery degradation;Batteries;Data models;Discharges;Integrated circuit modeling;Lithium;Mathematical model;System-on-a-chip},
doi={10.1109/CITRES.2010.5619782},
ISSN={},
month={Sept},}

@misc{skeletonTechCap,
	author={{Skeleton Technologies}},
	howpublished={\url{http://skeletontech.com/datasheets/skelcap-energy-en.pdf}},
	year={2018},
}

@article{belharouakElectrochemistry11,
title = "Electrochemistry and safety of Li4Ti5O12 and graphite anodes paired with LiMn2O4 for hybrid electric vehicle Li-ion battery applications",
journal = "Journal of Power Sources",
volume = "196",
number = "23",
pages = "10344 - 10350",
year = "2011",
issn = "0378-7753",
doi = "https://doi.org/10.1016/j.jpowsour.2011.08.079",
url = "http://www.sciencedirect.com/science/article/pii/S0378775311016259",
author = "Ilias Belharouak and Gary M. Koenig and K. Amine",
keywords = "HEV, PHEV, Lithium battery, Lithium Titanate, Spinel, Safety"
}

@article{pan2010brief,
  title={A brief introduction to ceramic capacitors},
  author={Pan, Ming-Jen and Randall, Clive A},
  journal={IEEE electrical insulation magazine},
  volume={26},
  number={3},
  pages={44--50},
  year={2010},
  publisher={IEEE}
}

@article{gill1994basic,
  title={Basic tantalum capacitor technology},
  author={Gill, John},
  howpublished={\url{https://www.kyocera-avx.com/docs/techinfo/Tantalum-NiobiumCapacitors/bsctant.pdf}},
  year={1994}
}

@article{vangari2013supercapacitors,
  title={Supercapacitors: review of materials and fabrication methods},
  author={Vangari, Manisha and Pryor, Tonya and Jiang, Li},
  journal={Journal of energy engineering},
  volume={139},
  number={2},
  pages={72--79},
  year={2013},
  publisher={American Society of Civil Engineers}
}

@article{libich2018supercapacitors,
  title={Supercapacitors: Properties and applications},
  author={Libich, Ji{\v{r}}{\'{i}} and M{\'a}ca, Josef and Vondr{\'a}k, Ji{\v{r}}{\'\i} and {\v{C}}ech, Ond{\v{r}}ej and Sedla{\v{r}}{\'\i}kov{\'a}, Marie},
  journal={Journal of Energy Storage},
  volume={17},
  pages={224--227},
  year={2018},
  publisher={Elsevier}
}

@article{kemetUpdate,
    author={{Kemet Electronic Components}},
    title={Technical Update - Comparison of Ceramic and Tantalum Capacitors},
    howpublished={\url{https://sh.kemet.com/Lists/TechnicalArticles/Attachments/93/2008-11\%20Update\%20-\%20Ceramic\%20versus\%20Tantalum.pdf}},
    year={2008},
}

@misc{kemetCap,
    author={{Kemet Electronic Components}},
    title={FY Series Datasheet},
    howpublished={\url{https://content.kemet.com/datasheets/KEM_S6015_FY.pdf}},
    year={2017},
}

@misc{bestCap,
    author={{Kyocera-AVX}},
    title={BestCap Ultra-low ESR
High Power Pulse Supercapacitors},
    howpublished={\url{https://catalogs.kyocera-avx.com/BestCap.pdf}},
    year={2020}
}

@misc{seikoCap,
    author={{Seiko Instruments}},
    title={Micro Battery Catalog},
    howpublished={\url{https://www.sii.co.jp/en/me/datasheets/chip-capacitor/cpx3225a752d/}},
    year={2017},
}

@misc{stEnfilm,
    author={{STMicroelectronics}},
    title={EnFilm‚Ñ¢ - rechargeable solid state lithium thin film battery},
    howpublished={\url{https://www.st.com/content/ccc/resource/technical/document/datasheet/cd/ac/89/0b/b4/8e/43/0b/CD00270103.pdf/files/CD00270103.pdf/jcr:content/translations/en.CD00270103.pdf}},
    year={2014}
}

@misc{tdkCeraCharge,
    author={{TDK}},
    title={CeraCharge - Rechargeable Multilayer Ceramic Battery},
    howpublished={\url{
https://product.tdk.com/system/files/dam/doc/product/solid-state-batt/solid-state-batt/smd-assbs/ceracharge_bct1812m101ag.pdf}},
    year={2020}
}

@misc{tdkCeraChargeAppNote,
    author={{TDK}},
    title={CeraCharge Application Note},
    howpublished={\url{
https://www.tdk-electronics.tdk.com/download/2532510/fde2e1a540f8aa81e3f21de18d372560/06-dl-application-note.pdf}},
    year={2020}
}


@misc{kemetLife,
    author={{Kemet}},
    title={Not All Lifetime Calculations are Created Equal},
    howpublished={\url{https://ec.kemet.com/wp-content/uploads/sites/4/2020/05/2020-05-27-Lifetime-calculation.pdf}},
    year={2020}
}

@article{kreczanik2013study,
  title={Study of supercapacitor aging and lifetime estimation according to voltage, temperature, and RMS current},
  author={Kreczanik, Paul and Venet, Pascal and Hijazi, Alaa and Clerc, Guy},
  journal={IEEE Transactions on Industrial Electronics},
  volume={61},
  number={9},
  pages={4895--4902},
  year={2013},
  publisher={IEEE}
}

@inproceedings{stroe2018accelerated,
  title={Accelerated lifetime testing of high power lithium titanate oxide batteries},
  author={Stroe, Ana-Irina and Stroe, Daniel-Loan and Knap, Vaclav and Swierczynski, Maciej and Teodorescu, Remus},
  booktitle={2018 IEEE Energy Conversion Congress and Exposition (ECCE)},
  pages={3857--3863},
  year={2018},
  organization={IEEE}
}

@article{han2014cycle,
  title={Cycle life of commercial lithium-ion batteries with lithium titanium oxide anodes in electric vehicles},
  author={Han, Xuebing and Ouyang, Minggao and Lu, Languang and Li, Jianqiu},
  journal={Energies},
  volume={7},
  number={8},
  pages={4895--4909},
  year={2014},
  publisher={Multidisciplinary Digital Publishing Institute}
}

@INPROCEEDINGS{duttaEnergy08,
    author={P. Dutta and M. Feldmeier and J. Paradiso and D. Culler},
    booktitle={2008 International Conference on Information Processing in Sensor Networks},
    series={ISPN'08},
    title={Energy Metering for Free: Augmenting Switching Regulators for Real-Time Monitoring},
    year={2008},
    volume={},
    number={},
    pages={283-294},
    keywords={microcontrollers;power meters;augmenting switching regulators;built-in switching regulator;energy metering;externally-clocked counter;iCount;load current;microcontroller;real-time monitoring;switching frequency;Delay;Energy measurement;Microcontrollers;Monitoring;Pulse modulation;Real time systems;Regulators;Switching frequency;Watthour meters;Wire;current accumulation;energy meter;low power},
    doi={10.1109/IPSN.2008.58},
    ISSN={},
    month={April},
}

@INPROCEEDINGS{feeneyDynamics14,
    author={L. M. Feeney and C. Rohner and A. Lindgren},
    booktitle={2014 11th Annual Conference on Wireless On-demand Network Systems and Services},
    series={WONS'14},
    title={How do the dynamics of battery discharge affect sensor lifetime?},
    year={2014},
    volume={},
    number={},
    pages={49-56},
    keywords={discharges (electric);secondary-cells;telecommunication power supplies;wireless sensor networks;CR2032 lithium coin cells;WSN-typical load parameters;battery discharge dynamics;battery-powered wireless sensor networks;complex electrochemical systems;device lifetime evaluation;discharge behavior;energy consumption evaluation;network dimensioning;sensor lifetime prediction;total charge estimation;Batteries;Battery charge measurement;Current measurement;Discharges (electric);Load modeling;Voltage measurement;Wireless sensor networks},
    doi={10.1109/WONS.2014.6814721},
    ISSN={},
    month={April},
}

@article{jaguemont2015lithium,
  title={Lithium-ion battery aging experiments at subzero temperatures and model development for capacity fade estimation},
  author={Jaguemont, Joris and Boulon, Lo{\"\i}c and Venet, Pascal and Dub{\'e}, Yves and Sari, Ali},
  journal={IEEE Transactions on Vehicular Technology},
  volume={65},
  number={6},
  pages={4328--4343},
  year={2015},
  publisher={IEEE}
}

@article{leng2015effect,
  title={Effect of temperature on the aging rate of Li ion battery operating above room temperature},
  author={Leng, Feng and Tan, Cher Ming and Pecht, Michael},
  journal={Scientific reports},
  volume={5},
  number={1},
  pages={1--12},
  year={2015},
  publisher={Nature Publishing Group}
}

@article{sandhya2014lithium,
  title={Lithium titanate as anode material for lithium-ion cells: a review},
  author={Sandhya, CP and John, Bibin and Gouri, C},
  journal={Ionics},
  volume={20},
  number={5},
  pages={601--620},
  year={2014},
  publisher={Springer}
}

@article{nitta2015li,
  title={Li-ion battery materials: present and future},
  author={Nitta, Naoki and Wu, Feixiang and Lee, Jung Tae and Yushin, Gleb},
  journal={Materials today},
  volume={18},
  number={5},
  pages={252--264},
  year={2015},
  publisher={Elsevier}
}

@article{doughty2012general,
  title={A general discussion of Li ion battery safety},
  author={Doughty, Daniel H and Roth, E Peter},
  journal={The Electrochemical Society Interface},
  volume={21},
  number={2},
  pages={37},
  year={2012},
  publisher={IOP Publishing}
}

@article{richter2017measurements,
  title={Measurements of ageing and thermal conductivity in a secondary NMC-hard carbon Li-ion battery and the impact on internal temperature profiles},
  author={Richter, Frank and Vie, Preben JS and Kjelstrup, Signe and Burheim, Odne Stokke},
  journal={Electrochimica Acta},
  volume={250},
  pages={228--237},
  year={2017},
  publisher={Elsevier}
}

@article{preger2020degradation,
  title={Degradation of commercial lithium-ion cells as a function of chemistry and cycling conditions},
  author={Preger, Yuliya and Barkholtz, Heather M and Fresquez, Armando and Campbell, Daniel L and Juba, Benjamin W and Rom{\`a}n-Kustas, Jessica and Ferreira, Summer R and Chalamala, Babu},
  journal={Journal of The Electrochemical Society},
  volume={167},
  number={12},
  pages={120532},
  year={2020},
  publisher={IOP Publishing}
}

@article{kim2015review,
  title={A review of lithium and non-lithium based solid state batteries},
  author={Kim, Joo Gon and Son, Byungrak and Mukherjee, Santanu and Schuppert, Nicholas and Bates, Alex and Kwon, Osung and Choi, Moon Jong and Chung, Hyun Yeol and Park, Sam},
  journal={Journal of Power Sources},
  volume={282},
  pages={299--322},
  year={2015},
  publisher={Elsevier}
}

@misc{txc-oscillator,
    author = {{TXC}},
    title = {SMD Seam Sealing Crystals Datasheet},
    howpublished = {\url{http://www.txccorp.com/download/products/quartz_crystals/2015TXC_7M_17.pdf}},
    year = {2010},
}

@misc{nasaPerseverance,
    author={{NASA}},
    title={Mars 2020 Perseverance Launch Press Kit},
    howpublished = {\url{https://www.jpl.nasa.gov/news/press_kits/mars_2020/download/mars_2020_launch_press_kit.pdf}},
    year={2020}
}

@misc{nanopowerbpx,
    author={GOMspace},
    title={High capacity lithium-ion battery pack with a heater for CubeSats},
    howpublished = {\url{https://gomspace.com/shop/subsystems/power/nanopower-bpx.aspx}},
    year={2020}
}

@misc{sanyoSolarCell,
    title = {Amorphous Silicon Solar Cells / Amorphous Photosensors},
    author = {Sanyo},
    year = {2007},
    howpublished = {\url{https://media.digikey.com/pdf/Data\%20Sheets/Sanyo\%20Energy/Amorphous_Br.pdf}},
}

@misc{si7021,
    author = {{Silicon Labs}},
    title = {SI7021 Datasheet},
    howpublished = {\url{https://www.silabs.com/documents/public/data-sheets/Si7021-A20.pdf}},
    year = {2016},
}

@misc{ltc4071Datasheet,
    author = {{Analog Devices}},
    title = {Li-Ion/Polymer Shunt Battery Charger
System with Low Battery Disconnect},
    howpublished = {\url{https://www.analog.com/media/en/technical-documentation/data-sheets/LTC4071.pdf}},
    year = {2020},
}

@misc{lipoDatasheet,
    author = {{Data Power Technology}},
    title = {Polymer Li-ion Rechargeable Battery Specification},
    howpublished = {\url{https://cdn.sparkfun.com/datasheets/Prototyping/SPE-00-301120-40mah-en-1.0ver.pdf}},
    year = {2015},
}

@misc{LTODatasheet,
    author = {{HuaHui Energy}},
    title = {LTO Battery Specification},
    howpublished = {\url{http://www.batteryspace.com/prod-specs/7455.pdf}},
    year = {2013},
}

@misc{LTODatasheet2,
    author = {{HuaHui Energy}},
    title = {HTC-Lithium Titanate Series},
    howpublished = {\url{http://www.huahuienergy.com/?post_type=products&page_id=15707}},
    year = {2022},
}

@misc{lifepo4Datasheet,
    title = {HFC-Lithium Iron Phosphate Series},
    author = {{HuaHui Energy}},
    howpublished = {\url{http://www.huahuienergy.com/?post_type=products&page_id=15704}},
    year = {2022},
}

@misc{tantalumDatasheet,
    author = {{AVX}},
    title = {TPS Series Capacitor Datasheet},
    howpublished = {\url{https://datasheets.kyocera-avx.com/TPS.pdf}},
    year = {2018},
}

@misc{ceramicDatasheet,
    author = {{Samsung Electro-Mechanics}},
    title = {Multi layer Ceramic Capacitor},
    howpublished ={\url{http://product.samsungsem.com/mlcc/CL32A107MPVNNN.do}},
    year = {2022}
}

@misc{ceramicDatasheet2,
    author = {{Samsung Electro-Mechanics}},
    title = {Multi layer Ceramic Capacitor},
    howpublished ={\url{http://product.samsungsem.com/mlcc/CL31A476MQHNNN.do}},
    year = {2013},
}

@misc{thinDatasheet,
    author = {{ST Micro}},
    title = {EFL1K0AF39 Datasheet},
    howpublished = {\url{http://www.st.com/content/ccc/resource/technical/document/datasheet/cd/ac/89/0b/b4/8e/43/0b/CD00270103.pdf/files/CD00270103.pdf/jcr:content/translations/en.CD00270103.pdf}},
    year = {2017},
}

@misc{thinDatasheet2,
    author = {{Cymbet Corporation}},
    title = {EnerChip CBC050 Datasheet},
    howpublished = {http://www.cymbet.com/pdfs/DS-72-01.pdf},
    year = {2014},
}

@misc{bq25505,
    author = {{Texas Instruments}},
    title = {BQ25505 Datasheet},
    howpublished = {\url{http://www.ti.com/lit/ds/symlink/bq25505.pdf}},
    year = {2015},
}

@misc{max17222,
    author = {{Maxim Integrated}},
    title = {MAX17222 Datasheet},
    howpublished = {\url{https://datasheets.maximintegrated.com/en/ds/MAX17220-MAX17225.pdf}},
    year = {2017},
}

@misc{adp5091,
    author = {{Analog Devices}},
    title = {ADP5091 Datasheet},
    howpublished = {\url{http://www.analog.com/media/en/technical-documentation/data-sheets/ADP5091-5092.pdf}},
    year = {2017},
}

@misc{pressac,
    author = {{Pressac}},
    title = {Pressac CO2 Sensor Datasheet},
    howpublished = {\url{https://www.pressac.com/co2-temperature-and-humidity-sensors/}},
    year = {2022}
}

@misc{xbeeradio,
    author = {{Digi}},
    title = {XBee¬Æ 868LP Radio Frequency (RF) Modules},
    howpublished = {\url{https://www.digi.com/resources/documentation/digidocs/pdfs/90002126.pdf}},
    year = {2018},
}

@misc{waspmote,
    author = {{Libelium}},
    title = {Waspmote Technical Guide},
    howpublished = {\url{https://development.libelium.com/waspmote-technical-guide/}},
    year = {2021},
}

@misc{waspmote_block,
    author = {{Libelium}},
    title = {Waspmote Hardware Block Diagram},
    howpublished = {\url{https://development.libelium.com/waspmote-technical-guide/hardware\#block-diagram}},
    year = {2021},
}

@misc{nrf52Power,
    author = {{Nordic Semiconductor}},
    title = {Online Power Profiler for Bluetooth LE},
    howpublished = {\url{https://devzone.nordicsemi.com/power/w/opp/2/online-power-profiler-for-bluetooth-le}},
    year = {2022},
}


@inproceedings{campbell2018energy,
  title={From Energy Audits to Monitoring Megawatt Loads: A Flexible and Deployable Power Metering System},
  author={Campbell, Bradford and Kuo, Ye-sheng and Dutta, Prabal},
  booktitle={2018 IEEE/ACM Third International Conference on Internet-of-Things Design and Implementation (IoTDI)},
  pages={189--200},
  year={2018},
  organization={IEEE}
}

@ARTICLE{zimmermanSelf04,
    author={A. H. Zimmerman},
    journal={IEEE Aerospace and Electronic Systems Magazine},
    title={Self-discharge losses in lithium-ion cells},
    year={2004},
    volume={19},
    number={2},
    pages={19-24},
    doi={10.1109/MAES.2004.1269687},
    ISSN={0885-8985},
    month={Feb},
}

@INPROCEEDINGS{swierczynskiInvestigation14,
    author={M. Swierczynski and D. I. Stroe and A. I. Stan and R. Teodorescu and S. K. K√¶r},
    booktitle={2014 IEEE Conference and Expo Transportation Electrification Asia-Pacific (ITEC Asia-Pacific)},
    series={ITEC-AP'14},
    title={Investigation on the Self-discharge of the LiFePO4/C nanophosphate battery chemistry at different conditions},
    year={2014},
    volume={},
    number={},
    pages={1-6},
    keywords={battery management systems;electrochemical electrodes;iron alloys;nanostructured materials;secondary-cells;C;LiFePO4;battery SOC;battery management system;iron phosphate cathodes;lithium ion battery cells;nanophosphate battery chemistry;self-discharge;Batteries;Battery charge measurement;Chemistry;Electrodes;Lithium;System-on-chip;Temperature measurement},
    doi={10.1109/ITEC-AP.2014.6940762},
    ISSN={},
    month={Aug},
}

@misc{tlv3691,
    author = {{Texas Instruments}},
    title = {TLV3691 Datasheet},
    howpublished = {\url{http://www.ti.com/lit/ds/symlink/tlv3691.pdf}},
    year = {2015},
}

@misc{murataCap,
    author = {Murata},
    title = {DMF Series EDLCs},
    howpublished = {\url{https://www.murata.com/en-us/products/productdetail?partno=DMT334R2S474M3DTA0}},
    year = {2016},
}

@misc{illinoisCap,
    author = {Illinois Capacitor},
    title = {DCN Super Capacitors},
    howpublished = {\url{https://www.illinoiscapacitor.com/pdf/seriesDocuments/DCN\%20series.pdf}},
    year = {2017},
}

@article{chenEvaluation15,
    title = "Evaluation of the low temperature performance of lithium manganese oxide/lithium titanate lithium-ion batteries for start/stop applications",
    journal = "Journal of Power Sources",
    volume = "278",
    pages = "411 - 419",
    year = "2015",
    issn = "0378-7753",
    doi = "https://doi.org/10.1016/j.jpowsour.2014.12.051",
    url = "http://www.sciencedirect.com/science/article/pii/S0378775314020795",
    author = "Kebin Chen and Zhiqiang Yu and Shawn Deng and Qiang Wu and Jianxin Zou and Xiaoqin Zeng",
    keywords = "Battery, Start stop, Lithium manganese oxide, Lithium titanate, Reference electrode"
}

@misc{murataTech,
    author = {Murata},
    title = {Murata Supercapacitor Technical Note},
    howpublished = {\url{https://www.mouser.mx/pdfdocs/muRataEDLCTechnicalnote.PDF}},
    year = {2013},
}

@misc{murataESRArticle,
    author = {Murata},
    title = {What are impedance/ ESR frequency characteristics in capacitors?},
    howpublished = {\url{https://article.murata.com/en-us/article/impedance-esr-frequency-characteristics-in-capacitors}},
    year = {2013},
}


@article{gorlatova2013networking,
  title={Networking low-power energy harvesting devices: Measurements and algorithms},
  author={Gorlatova, Maria and Wallwater, Aya and Zussman, Gil},
  journal={IEEE Transactions on Mobile Computing},
  volume={12},
  number={9},
  pages={1853--1865},
  year={2013},
  publisher={IEEE}
}

@inproceedings{mainwaring2002wireless,
  title={Wireless sensor networks for habitat monitoring},
  author={Mainwaring, Alan and Culler, David and Polastre, Joseph and Szewczyk, Robert and Anderson, John},
  booktitle={Proceedings of the 1st ACM international workshop on Wireless sensor networks and applications},
  series={WSNA'02},
  pages={88--97},
  year={2002},
  organization={Acm}
}

@inproceedings{polastre2005telos,
  title={Telos: enabling ultra-low power wireless research},
  author={Polastre, Joseph and Szewczyk, Robert and Culler, David},
  booktitle={Proceedings of the 4th international symposium on Information processing in sensor networks},
  series={IPSN'05},
  pages={48},
  year={2005},
  organization={IEEE Press}
}

@inproceedings{lin2005heliomote,
  title={Heliomote: enabling long-lived sensor networks through solar energy harvesting},
  author={Lin, Kris and Yu, Jennifer and Hsu, Jason and Zahedi, Sadaf and Lee, David and Friedman, Jonathan and Kansal, Aman and Raghunathan, Vijay and Srivastava, Mani},
  booktitle={Proceedings of the 3rd international conference on Embedded networked sensor systems},
  series={SenSys'05},
  pages={309--309},
  year={2005},
  organization={ACM}
}

@inproceedings{adkins2018signpost,
	month = {April},
	publisher = {ACM},
	booktitle = {Proceedings of the 17th ACM/IEEE International Conference on Information Processing in Sensor Networks},
	conference-url = {http://ipsn.acm.org/2018/},
	title = {The Signpost Platform for City-Scale Sensing},
	author = {Adkins, Joshua and Ghena, Branden and Jackson, Neal and Pannuto, Pat and Rohrer, Samuel and Campbell, Bradford and Dutta, Prabal},
	year = {2018},
	series = {IPSN'18},
	address = {New York, NY, USA},
}

@inproceedings{adkins2015michigan,
  title={Demo: Michigan's IoT Toolkit},
  author={Adkins, Joshua and Campbell, Bradford and DeBruin, Samuel and Ghena, Branden and Kempke, Benjamin and Klugman, Noah and Kuo, Ye-sheng and Natarajan, Deepika and Pannuto, Pat and Zachariah, Thomas and others},
  booktitle={Proceedings of the 13th ACM Conference on Embedded Networked Sensor Systems},
  series={SenSys'15},
  pages={485--486},
  year={2015},
  organization={ACM}
}

@inproceedings{kim2018system,
  title={System Architecture Directions for Post-SoC/32-bit Networked Sensors},
  author={Kim, Hyung-Sin and Andersen, Michael P and Chen, Kaifei and Kumar, Sam and Zhao, William J and Ma, Kevin and Culler, David E},
  booktitle={Proceedings of the 16th ACM Conference on Embedded Networked Sensor Systems. ACM},
  year={2018}
}

@article{andersen2017hamilton,
  title={Hamilton-A Cost-Effective, Low Power Networked Sensor for Indoor Environment Monitoring},
  author={Andersen, Michael P and Kim, Hyung-Sin and Culler, David E},
  year={2017}
}

@online{hamiltoniot,
  title={Hamilton H7C (PIR)},
  year={2018},
  url={https://hamiltoniot.com/products/hamilton-h7c-pir-20-sensors-pack},
}

@article{kansal2007power,
  title={Power management in energy harvesting sensor networks},
  author={Kansal, Aman and Hsu, Jason and Zahedi, Sadaf and Srivastava, Mani B},
  journal={ACM Transactions on Embedded Computing Systems (TECS)},
  volume={6},
  number={4},
  pages={32},
  year={2007},
  publisher={ACM}
}

@inproceedings{corke2007long,
  title={Long-duration solar-powered wireless sensor networks},
  author={Corke, Peter and Valencia, Philip and Si, Pavan and Wark, Tim and Overs, Les},
  booktitle={Proceedings of the 4th workshop on Embedded networked sensors},
  series={SenSys'07},
  pages={33--37},
  year={2007},
  organization={ACM}
}

@inproceedings{debruin2013monjolo,
  title={Monjolo: An energy-harvesting energy meter architecture},
  author={DeBruin, Samuel and Campbell, Bradford and Dutta, Prabal},
  booktitle={Proceedings of the 11th ACM Conference on Embedded Networked Sensor Systems},
  series={SenSys'13},
  pages={18},
  year={2013},
  organization={ACM}
}

@article{kansal2004performance,
  title={Performance aware tasking for environmentally powered sensor networks},
  author={Kansal, Aman and Potter, Dunny and Srivastava, Mani B},
  journal={ACM SIGMETRICS Performance Evaluation Review},
  volume={32},
  number={1},
  pages={223--234},
  year={2004},
  publisher={ACM}
}

@inproceedings{jiang2005perpetual,
  title={Perpetual environmentally powered sensor networks},
  author={Jiang, Xiaofan and Polastre, Joseph and Culler, David},
  booktitle={Proceedings of the 4th international symposium on Information processing in sensor networks},
  series={IPSN'05},
  pages={65},
  year={2005},
  organization={IEEE Press}
}

@inproceedings{raisigel2010autonomous,
  title={Autonomous wireless sensor node for building climate conditioning application},
  author={Raisigel, Hynek and Chabanis, Gilles and Ressejac, Isabelle and Trouillon, Michel},
  booktitle={Sensor Technologies and Applications (SENSORCOMM), 2010 Fourth International Conference on},
  series={SENSORCOMM'10},
  pages={68--73},
  year={2010},
  organization={IEEE}
}

@inproceedings{martin2012doubledip,
  title={DoubleDip: Leveraging thermoelectric harvesting for low power monitoring of sporadic water use},
  author={Martin, Paul and Charbiwala, Zainul and Srivastava, Mani},
  booktitle={Proceedings of the 10th ACM Conference on Embedded Network Sensor Systems},
  series={SenSys'12},
  pages={225--238},
  year={2012},
  organization={ACM}
}

@inproceedings{gorlatova2009challenge,
  title={Challenge: ultra-low-power energy-harvesting active networked tags (EnHANTs)},
  author={Gorlatova, Maria and Kinget, Peter and Kymissis, Ioannis and Rubenstein, Dan and Wang, Xiaodong and Zussman, Gil},
  booktitle={Proceedings of the 15th annual international conference on Mobile computing and networking},
  pages={253--260},
  year={2009}
}

@article{margolies2015energy,
  title={Energy-harvesting active networked tags (EnHANTs): Prototyping and experimentation},
  author={Margolies, Robert and Gorlatova, Maria and Sarik, John and Stanje, Gerald and Zhu, Jianxun and Miller, Paul and Szczodrak, Marcin and Vigraham, Baradwaj and Carloni, Luca and Kinget, Peter and others},
  journal={ACM Transactions on Sensor Networks},
  series={TOSN},
  volume={11},
  number={4},
  pages={62},
  year={2015},
  publisher={ACM}
}

@article{yick2008wireless,
  title={Wireless sensor network survey},
  author={Yick, Jennifer and Mukherjee, Biswanath and Ghosal, Dipak},
  journal={Computer networks},
  volume={52},
  number={12},
  pages={2292--2330},
  year={2008},
  publisher={Elsevier}
}

@inproceedings{liang2009racnet,
  title={Racnet: a high-fidelity data center sensing network},
  author={Liang, Chieh-Jan Mike and Liu, Jie and Luo, Liqian and Terzis, Andreas and Zhao, Feng},
  booktitle={Proceedings of the 7th ACM Conference on Embedded Networked Sensor Systems},
  pages={15--28},
  year={2009},
  organization={ACM}
}

@inproceedings{campbellThermes14,
	location = {Memphis, TN},
	conference-url = {http://www.enssys.org/2014/programme.php},
	title = {Energy-Harvesting Thermoelectric Sensing for Unobtrusive Water and Appliance Metering},
	year = {2014},
	month = {November},
	booktitle = {Proceedings of the 2nd International Workshop on Energy Neutral Sensing Systems},
	publisher = {ACM},
	series = {ENSsys'14},
	author = {Campbell, Bradford and Ghena, Branden and Dutta, Prabal},
}

@misc{40mahliion,
    title = {Rechargeable Li-ion Button Battery},
    author = {{AA Battery Corp}},
    year = {2006},
    howpublished={\url{http://www.batteryspace.com/productimages/aa/20060224/LIR2032_new1.pdf}},
}

@misc{millibatNimbus,
    title = {Nimbus Product Line},
    author = {{Millibat}},
    year = {2022},
    howpublished={\url{https://www.millibatt.com/product}},
}

@misc{sparkfunPouch,
    title = {DTP301120 Datasheet},
    author = {{Data Power Technology Limited}},
    year = {2015},
    howpublished={\url{http://cdn.sparkfun.com/datasheets/Prototyping/SPE-00-301120-40mah-en-1.0ver.pdf}},
}

@misc{alkaline_c,
    title = {Energizer E93},
    author = {Energizer},
    year = {2022},
    howpublished = {\url{https://data.energizer.com/pdfs/e93.pdf}},
}

@misc{primary2032,
    title = {CR2032},
    author = {Panasonic},
    year = {2006},
    howpublished = {\url{https://industrial.panasonic.com/cdbs/www-data/pdf2/AAA4000/AAA4000C321.pdf}},
}

@misc{energizerAppMan,
    title = {Lithium Coin Handbook and Application Manual},
    author = {Energizer},
    year = {2018},
    howpublished = {\url{https://data.energizer.com/pdfs/lithiumcoin_appman.pdf}}
}

@misc{primarycr123a,
    title = {CR123A},
    author = {Panasonic},
    year = {2022},
    howpublished = {\url{https://industrial.panasonic.com/cdbs/www-data/pdf2/AAA4000/AAA4000C285.pdf}},
}

@incollection{tuna2016energy,
  title={Energy harvesting and battery technologies for powering wireless sensor networks},
  author={Tuna, G and Gungor, VC},
  booktitle={Industrial Wireless Sensor Networks},
  pages={25--38},
  year={2016},
  publisher={Elsevier}
}

@inproceedings{debruin15powerblade,
	location = {Seoul, Republic of Korea},
	conference-url = {http://sensys.acm.org/2015/},
	title = {PowerBlade: A Low-Profile, True-Power, Plug-Through Energy Meter},
	year = {2015},
	url = {http://doi.acm.org/10.1145/2809695.2809716},
	booktitle = {Proceedings of the 13th ACM Conference on Embedded Networked Sensor Systems},
	author = {DeBruin, Samuel and Ghena, Branden and Kuo, Ye-Sheng and Dutta, Prabal},
	doi = {10.1145/2809695.2809716},
	address = {New York, NY, USA},
	publisher = {ACM},
	series = {SenSys'15},
	mon = {Nov},
	isbn = {987-1-4503-3631-4},
}


@inproceedings{kininghamCESEL16,
 author = {Kiningham, Kevin and Horowitz, Mark and Levis, Philip and Boneh, Dan},
 title = {CESEL: Securing a Mote for 20 Years},
 booktitle = {Proceedings of the 2016 International Conference on Embedded Wireless Systems and Networks},
 series = {EWSN '16},
 year = {2016},
 isbn = {978-0-9949886-0-7},
 location = {Graz, Austria},
 pages = {307--312},
 numpages = {6},
 url = {http://dl.acm.org/citation.cfm?id=2893711.2893788},
 acmid = {2893788},
 publisher = {Junction Publishing},
 address = {USA},
 keywords = {Flexible Hardware, Internet of Things, Long Term Security},
}

@article{larssonAbuse14,
author = {Larsson, Fredrik and Mellander, Bengt-Erik},
title = {Abuse by External Heating, Overcharge and Short Circuiting of Commercial Lithium-Ion Battery Cells},
volume = {161},
number = {10},
pages = {A1611-A1617},
year = {2014},
URL = {http://jes.ecsdl.org/content/161/10/A1611.abstract},
journal = {Journal of The Electrochemical Society}
}

@book{mikolajczakLithium2012,
  title={Lithium-ion batteries hazard and use assessment},
  author={Mikolajczak, Celina and Kahn, Michael and White, Kevin and Long, Richard Thomas},
  year={2012},
  publisher={Springer Science \& Business Media}
}

@inproceedings{brushHome11,
 author = {Brush, A.J. Bernheim and Lee, Bongshin and Mahajan, Ratul and Agarwal, Sharad and Saroiu, Stefan and Dixon, Colin},
 title = {Home Automation in the Wild: Challenges and Opportunities},
 booktitle = {Proceedings of the SIGCHI Conference on Human Factors in Computing Systems},
 series = {CHI '11},
 year = {2011},
 isbn = {978-1-4503-0228-9},
 location = {Vancouver, BC, Canada},
 pages = {2115--2124},
 numpages = {10},
 url = {http://doi.acm.org/10.1145/1978942.1979249},
 doi = {10.1145/1978942.1979249},
 acmid = {1979249},
 publisher = {ACM},
 address = {New York, NY, USA},
 keywords = {domestic technology, home automation, smart home},
}

@article{lee2013modular,
  title={"A modular 1 mm $^{3}$ die-stacked sensing platform with low power I $^{2}$ C inter-die communication and multi-modal energy harvesting"},
  author={Lee, Yoonmyung and Bang, Suyoung and Lee, Inhee and Kim, Yejoong and Kim, Gyouho and Ghaed, Mohammad Hassan and Pannuto, Pat and Dutta, Prabal and Sylvester, Dennis and Blaauw, David},
  journal={IEEE Journal of Solid-State Circuits},
  volume={48},
  number={1},
  pages={229--243},
  year={2012},
  publisher={IEEE}
}

@article{warneke2001smart,
  title={Smart dust: Communicating with a cubic-millimeter computer},
  author={Warneke, Brett and Last, Matt and Liebowitz, Brian and Pister, Kristofer SJ},
  journal={Computer},
  volume={34},
  number={1},
  pages={44--51},
  year={2001},
  publisher={IEEE}
}

@article{ghaed2013circuits,
  title={Circuits for a cubic-millimeter energy-autonomous wireless intraocular pressure monitor},
  author={Ghaed, Mohammad Hassan and Chen, Gregory and Haque, Razi-ul and Wieckowski, Michael and Kim, Yejoong and Kim, Gyouho and Lee, Yoonmyung and Lee, Inhee and Fick, David and Kim, Daeyeon and others},
  journal={IEEE Transactions on Circuits and Systems I: Regular Papers},
  volume={60},
  number={12},
  pages={3152--3162},
  year={2013},
  publisher={IEEE}
}

@inproceedings{kim2014millimeter,
  title={A millimeter-scale wireless imaging system with continuous motion detection and energy harvesting},
  author={Kim, Gyouho and Lee, Yoonmyung and Foo, Zhiyoong and Pannuto, Pat and Kuo, Ye-Sheng and Kempke, Ben and Ghaed, Mohammad Hassan and Bang, Suyoung and Lee, Inhee and Kim, Yejoong and others},
  booktitle={2014 Symposium on VLSI Circuits Digest of Technical Papers},
  pages={1--2},
  year={2014},
  organization={IEEE}
}

@article{chen2014injectable,
  title={An injectable 64 nW ECG mixed-signal SoC in 65 nm for arrhythmia monitoring},
  author={Chen, Yen-Po and Jeon, Dongsuk and Lee, Yoonmyung and Kim, Yejoong and Foo, Zhiyoong and Lee, Inhee and Langhals, Nicholas B and Kruger, Grant and Oral, Hakan and Berenfeld, Omer and others},
  journal={IEEE Journal of Solid-State Circuits},
  volume={50},
  number={1},
  pages={375--390},
  year={2014},
  publisher={IEEE}
}

@inproceedings{wu20180,
  title={A 0.04 mm 3 16nW wireless and batteryless sensor system with integrated Cortex-M0+ processor and optical communication for cellular temperature measurement},
  author={Wu, Xiao and Lee, Inhee and Dong, Qing and Yang, Kaiyuan and Kim, Dongkwun and Wang, Jingcheng and Peng, Yimai and Zhang, Yiqun and Saligane, Mehdi and Yasuda, Makoto and others},
  booktitle={2018 IEEE Symposium on VLSI Circuits},
  pages={191--192},
  year={2018},
  organization={IEEE}
}

@article{nazari2019novel,
  title={A novel needle-injectable millimeter scale wireless electrochemical glucose sensing platform for artificial pancreas applications},
  author={Nazari, Meisam and Sencan, M and others},
  journal={Scientific reports},
  volume={9},
  number={1},
  pages={1--11},
  year={2019},
  publisher={Nature Publishing Group}
}

@article{zhai2009energy,
  title={Energy-efficient subthreshold processor design},
  author={Zhai, Bo and Pant, Sanjay and Nazhandali, Leyla and Hanson, Scott and Olson, Javin and Reeves, Anna and Minuth, Michael and Helfand, Ryan and Austin, Todd and Sylvester, Dennis and others},
  journal={IEEE Transactions on Very Large Scale Integration (VLSI) Systems},
  volume={17},
  number={8},
  pages={1127--1137},
  year={2009},
  publisher={IEEE}
}

@article{dreslinski2010near,
  title={Near-threshold computing: Reclaiming moore's law through energy efficient integrated circuits},
  author={Dreslinski, Ronald G and Wieckowski, Michael and Blaauw, David and Sylvester, Dennis and Mudge, Trevor},
  journal={Proceedings of the IEEE},
  volume={98},
  number={2},
  pages={253--266},
  year={2010},
  publisher={IEEE}
}

@inproceedings{ghena2019challenge,
  title={Challenge: Unlicensed lpwans are not yet the path to ubiquitous connectivity},
  author={Ghena, Branden and Adkins, Joshua and Shangguan, Longfei and Jamieson, Kyle and Levis, Philip and Dutta, Prabal},
  booktitle={The 25th Annual International Conference on Mobile Computing and Networking},
  pages={1--12},
  year={2019}
}

@inproceedings{edwardsHome01,
 author = {Edwards, W. Keith and Grinter, Rebecca E.},
 title = {At Home with Ubiquitous Computing: Seven Challenges},
 booktitle = {Proceedings of the 3rd International Conference on Ubiquitous Computing},
 series = {UbiComp '01},
 year = {2001},
 isbn = {3-540-42614-0},
 location = {Atlanta, Georgia, USA},
 pages = {256--272},
 numpages = {17},
 url = {http://dl.acm.org/citation.cfm?id=647987.741327},
 acmid = {741327},
 publisher = {Springer-Verlag},
 address = {London, UK, UK},
 keywords = {context-awareness, domestic technologies, evaluation, home, ubiquitous computing},
}

@inproceedings{shehanHome07,
 author = {Shehan, Erika and Edwards, W. Keith},
 title = {Home Networking and HCI: What Hath God Wrought?},
 booktitle = {Proceedings of the SIGCHI Conference on Human Factors in Computing Systems},
 series = {CHI '07},
 year = {2007},
 isbn = {978-1-59593-593-9},
 location = {San Jose, California, USA},
 pages = {547--556},
 numpages = {10},
 url = {http://doi.acm.org/10.1145/1240624.1240712},
 doi = {10.1145/1240624.1240712},
 acmid = {1240712},
 publisher = {ACM},
 address = {New York, NY, USA},
 keywords = {computer networking, home computing, home networking, infrastructure, troubleshooting, ubiquitous computing},
}

@INPROCEEDINGS{toledoLightweight14,
    author={S. Toledo and O. Kishon and Y. Orchan and Y. Bartan and N. Sapir and Y. Vortman and R. Nathan},
    booktitle={2014 6th European Embedded Design in Education and Research Conference},
    series={EDERC'14},
    title={Lightweight low-cost wildlife tracking tags using integrated transceivers},
    year={2014},
    volume={},
    number={},
    pages={287-291},
    keywords={object tracking;radio tracking;radio transceivers;radiofrequency identification;integrated transceivers;lightweight low-cost wildlife tracking tags;Antennas;Batteries;Capacitors;Software;Transceivers;Wildlife},
    doi={10.1109/EDERC.2014.6924406},
    ISSN={},
    month={Sept},
}

@inproceedings{jackson2018reconsidering,
  title={Reconsidering Batteries in Energy Harvesting Sensing},
  author={Jackson, Neal and Adkins, Joshua and Dutta, Prabal},
  booktitle={Proceedings of the Sixth ACM International Workshop on Energy Harvesting and Energy-Neutral Sensing Systems},
  year={2018},
  series = {ENSsys'18},
  organization={ACM}
}

@inproceedings{brunell2016effect,
  title={Effect of Zero Volt Storage on Commercial Lithium Titanate Cells},
  author={Brunell, Michael and Hanauer, Brad and Loveridge, Melanie and Dashwood, Richard and Bhagat, Rohit},
  booktitle={Meeting Abstracts},
  number={6},
  pages={896--896},
  year={2016},
  organization={The Electrochemical Society}
}

@article{ransford2012mementos,
  title={Mementos: System support for long-running computation on RFID-scale devices},
  author={Ransford, Benjamin and Sorber, Jacob and Fu, Kevin},
  journal={Acm Sigplan Notices},
  volume={47},
  number={4},
  pages={159--170},
  year={2012},
  publisher={ACM}
}

@inproceedings{hester2014ekho,
  title={Ekho: Realistic and repeatable experimentation for tiny energy-harvesting sensors},
  author={Hester, Josiah and Scott, Timothy and Sorber, Jacob},
  booktitle={Proceedings of the 12th ACM Conference on Embedded Network Sensor Systems},
  pages={330--331},
  year={2014}
}

@article{colin2016energy,
  title={An energy-interference-free hardware-software debugger for intermittent energy-harvesting systems},
  author={Colin, Alexei and Harvey, Graham and Lucia, Brandon and Sample, Alanson P},
  journal={ACM SIGOPS Operating Systems Review},
  volume={50},
  number={2},
  pages={577--589},
  year={2016},
  publisher={ACM}
}

@inproceedings{levis2004trickle,
  title={Trickle: A self-regulating algorithm for code propagation and maintenance in wireless sensor networks},
  author={Levis, Philip and Patel, Neil and Culler, David and Shenker, Scott},
  booktitle={Proc. of the 1st USENIX/ACM Symp. on Networked Systems Design and Implementation},
  series = {NSDI '04},
  volume={25},
  year={2004}
}

@techreport{IEC62391,
type = {Standard},
key = {IEC 62391-2},
year = {2006},
title = {{Fixed electric double-layer capacitors
for use in electronic equipment}},
volume = {2006},
address = {Geneva, CH},
institution = {International Electrotechnical Commission}
}

@misc{nrf52840,
    author = {{Nordic Semiconductor}},
    title = {NRF52840 Reference Manual},
    howpublished = {\url{https://infocenter.nordicsemi.com/pdf/nRF52840_PS_v1.2.pdf}},
    year = {2021},
}

@misc{nrf5340,
    author = {{Nordic Semiconductor}},
    title = {NRF5340 Reference Manual},
    howpublished = {\url{https://infocenter.nordicsemi.com/pdf/nRF5340_PS_v1.1.pdf}},
    year = {2021},
}

@misc{apollo4,
    author = {{Ambiq Micro}},
    title = {Apollo4},
    howpublished = {\url{https://ambiq.com/apollo4/}},
    year = {2022},
}


@article{kowal2011detailed,
  title={Detailed analysis of the self-discharge of supercapacitors},
  author={Kowal, Julia and Avaroglu, Esin and Chamekh, Fahmi and {\v{S}}enfelds, Armands and Thien, Tjark and Wijaya, Dhanny and Sauer, Dirk Uwe},
  journal={Journal of Power Sources},
  volume={196},
  number={1},
  pages={573--579},
  year={2011},
  publisher={Elsevier}
}

@article{kundert2008modeling,
  title={Modeling dielectric absorption in capacitors},
  author={Kundert, Ken},
  journal={The designer's guide community},
  volume={18},
  year={2008},
  publisher={Citeseer}
}

@inproceedings{mohammad2018codecast,
  title={Codecast: Supporting data driven in-network processing for low-power wireless sensor networks},
  author={Mohammad, Mobashir and Chan, Mun Choon},
  booktitle={2018 17th ACM/IEEE International Conference on Information Processing in Sensor Networks (IPSN)},
  pages={72--83},
  year={2018},
  organization={IEEE}
}

@inproceedings{li2019privacy,
  title={Privacy-preserving control message dissemination for PVCPS},
  author={Li, Kai and Emami, Yousef and Tovar, Eduardo},
  booktitle={2019 18th ACM/IEEE International Conference on Information Processing in Sensor Networks (IPSN)},
  pages={301--302},
  year={2019},
  organization={IEEE}
}

@misc{emersonRosemount,
    author = {{Emerson}},
    title = {Rosemount‚Ñ¢ 648 Wireless Temperature Transmitter},
    howpublished = {\url{https://www.emerson.com/documents/automation/product-data-sheet-rosemount-648-wireless-temperature-transmitter-rosemount-x-well-technology-en-us-192638.pdf}},
    year = {2022},
}

@misc{GEInsightMesh,
    author = {{GE Measurement \& Control}},
    title = {Essential Insight.mesh Wireless System Product Datasheet},
    howpublished = {\url{https://perpetuapower.com/wp-content/uploads/2015/12/185301k1-GE-Essential-Insight.mesh-Product-Datasheet.pdf}},
    year = {2021},
}

@misc{honeywellOneWireless,
    author = {{Honeywell}},
    title = {Honeywell OneWireless},
    howpublished = {\url{https://prod-edam.honeywell.com/content/dam/honeywell-edam/pmt/hps/products/pas/wireless/OneWireless-Network-PIN.pdf}},
    year = {2020},
}

@misc{googleNestTemperature,
    author = {{Google}},
    title = {Google Nest Temperature Sensor},
    howpublished = {\url{https://store.google.com/us/product/nest_temperature_sensor_specs}},
    year = {2022},
}


@misc{lutronSolutions,
    author = {{Lutron}},
    title = {Lutron Solutions Brochure},
    howpublished = {\url{https://www.lutron.com/technicaldocumentlibrary/367-1768.pdf}},
    year = {2014}
}

@misc{ecobeeSensor,
    author = {{Ecobee}},
    title = {Ecobee SmartSensor},
    howpublished = {\url{https://www.ecobee.com/en-us/accessories/smart-temperature-occupancy-sensor}},
    year = {2022}
}

@misc{hueSensor,
    author = {{Phillips Hue}},
    title = {Motion sensor},
    howpublished = {\url{https://www.philips-hue.com/en-us/p/hue-motion-sensor/046677570972}},
    year = {2022}
}

@misc{honeywellThermostat,
    author = {{Honeywell Home}},
    title = {T9 Smart Thermostat With Sensor},
    howpublished = {\url{https://www.honeywellhome.com/us/en/products/air/thermostats/wifi-thermostats/t9-smart-thermostat-with-sensor-rcht9610wfsw2003-u}},
    year = {2022}
}

@misc{perpetua,
    author = {{Perpetua}},
    title = {Perpetua¬Æ Power Puck¬Æ Solutions},
    howpublished = {\url{https://www.emerson.com/documents/automation/product-data-sheet-perpetua-power-puck-solutions-en-79966.pdf}},
    year = {2019}
}

@misc{everactive,
    author = {{Everactive}},
    title = {Batteryless Systems to Solve the IoT's Scaling Crisis},
    howpublished = {\url{https://everactive.com/batteryless-technology/}},
    year = {2022}
}

@inproceedings{afanasov2020battery,
  title={Battery-less zero-maintenance embedded sensing at the mithr{\ae}um of circus maximus},
  author={Afanasov, Mikhail and Bhatti, Naveed Anwar and Campagna, Dennis and Caslini, Giacomo and Centonze, Fabio Massimo and Dolui, Koustabh and Maioli, Andrea and Barone, Erica and Alizai, Muhammad Hamad and Siddiqui, Junaid Haroon and others},
  booktitle={Proceedings of the 18th Conference on Embedded Networked Sensor Systems},
  pages={368--381},
  year={2020}
}

@inproceedings{campbell2016cinamin,
  title={Cinamin: A Perpetual and Nearly Invisible BLE Beacon.},
  author={Campbell, Bradford and Adkins, Joshua and Dutta, Prabal},
  booktitle={EWSN},
  pages={331--332},
  year={2016}
}

@inproceedings{saoda2019no,
  title={No batteries needed: Providing physical context with energy-harvesting beacons},
  author={Saoda, Nurani and Campbell, Bradford},
  booktitle={Proceedings of the 7th International Workshop on Energy Harvesting \& Energy-Neutral Sensing Systems},
  pages={15--21},
  year={2019}
}

@misc{enocean,
    author = {{EnOcean}},
    title = {EnOcean Multisensor},
    howpublished = {\url{https://www.enocean.com/en/products/self-powered-sensors/multisensor/}},
    year = {2022}
}

@misc{williotpixel,
    author = {{Williot}},
    title = {Williot Platform: Iot Pixel},
    howpublished = {\url{https://www.wiliot.com/product/iot-pixel}},
    year = {2022}
}

@misc{jeevawireless,
    author = {{Jeeva}},
    title = {Jeeva Wireless},
    howpublished = {\url{https://www.jeevawireless.com/}},
    year = {2022}
}

@misc{vizimetering,
    author = {{Vizi Metering}},
    title = {Vizi Metering},
    howpublished = {\url{https://www.vizi.net/}},
    year = {2022}
}

@misc{matrix_prometheus,
    author = {{MATRIX Industries}},
    title = {MATRIX Prometheus},
    howpublished = {\url{https://static1.squarespace.com/static/5fc7b8c2a4492a057e255bb3/t/6230d3034a3ac04c33b20acc/1647366915465/DS-Prometheus.20220218.D.U.pdf}},
    year = {2022}
}

@misc{spypoint_camera,
    author= {Spypoint},
    title = {Link-Micro-S-LTE Solar Cellular Trail Camera},
    howpublished = {\url{https://www.spypoint.com/en/products/solar-cellular-trail-camera/product-link-micro-s.html}},
    year = {2022}
}

@misc{davis_weather,
    author = {Davis},
    title = {Vantage Pro2},
    howpublished = {\url{https://www.davisinstruments.com/pages/vantage-pro2}},
    year = {2022}
}

@misc{wanco_traffic,
    author = {WANCO},
    title = {Traffic Solar Surveillance System},
    howpublished = {\url{https://www.wanco.com/product/traffic-solar-surveillance-system/}},
    year = {2022}
}

@misc{kinergizer,
    author = {Kinergizer},
    title = {Kinergizer Motion Energy Harvesting},
    howpublished = {\url{https://kinergizer.com/}},
    year = {2022} 
}

@misc{revibe,
    author = {ReVibe},
    title = {ReVibe Anura},
    howpublished = {\url{https://revibeenergy.com/revibe-anura/}},
    year = {2022} 
}

@inproceedings{tolle2005macroscope,
  title={A macroscope in the redwoods},
  author={Tolle, Gilman and Polastre, Joseph and Szewczyk, Robert and Culler, David and Turner, Neil and Tu, Kevin and Burgess, Stephen and Dawson, Todd and Buonadonna, Phil and Gay, David and others},
  booktitle={Proceedings of the 3rd international conference on Embedded networked sensor systems},
  pages={51--63},
  year={2005}
}

@inproceedings{taneja2008design,
  title={Design, modeling, and capacity planning for micro-solar power sensor networks},
  author={Taneja, Jay and Jeong, Jaein and Culler, David},
  booktitle={2008 International conference on information processing in sensor networks (ipsn 2008)},
  pages={407--418},
  year={2008},
  organization={IEEE}
}

@inproceedings{jagtap2021repurposing,
  title={Repurposing cathodic protection systems as reliable, in-situ, ambient batteries for sensor networks},
  author={Jagtap, Dhananjay and Pannuto, Pat},
  booktitle={Proceedings of the 20th International Conference on Information Processing in Sensor Networks (co-located with CPS-IoT Week 2021)},
  pages={357--368},
  year={2021}
}

@inproceedings{grossiwindhager2019snaploc,
  title={SnapLoc: An ultra-fast UWB-based indoor localization system for an unlimited number of tags},
  author={Gro{\ss}iwindhager, Bernhard and Stocker, Michael and Rath, Michael and Boano, Carlo Alberto and R{\"o}mer, Kay},
  booktitle={2019 18th ACM/IEEE International Conference on Information Processing in Sensor Networks (IPSN)},
  pages={61--72},
  year={2019},
  organization={IEEE}
}

@inproceedings{biri2020socitrack,
  title={SociTrack: Infrastructure-free interaction tracking through mobile sensor networks},
  author={Biri, Andreas and Jackson, Neal and Thiele, Lothar and Pannuto, Pat and Dutta, Prabal},
  booktitle={Proceedings of the 26th Annual International Conference on Mobile Computing and Networking},
  pages={1--14},
  year={2020}
}

@inproceedings{sharma2020all,
  title={All that glitters: Low-power spoof-resilient optical markers for augmented reality},
  author={Sharma, Rahul Anand and Dongare, Adwait and Miller, John and Wilkerson, Nicholas and Cohen, Daniel and Sekar, Vyas and Dutta, Prabal and Rowe, Anthony},
  booktitle={2020 19th ACM/IEEE International Conference on Information Processing in Sensor Networks (IPSN)},
  pages={289--300},
  year={2020},
  organization={IEEE}
}

@inproceedings{juang2002energy,
  title={Energy-efficient computing for wildlife tracking: Design tradeoffs and early experiences with ZebraNet},
  author={Juang, Philo and Oki, Hidekazu and Wang, Yong and Martonosi, Margaret and Peh, Li Shiuan and Rubenstein, Daniel},
  booktitle={Proceedings of the 10th international conference on Architectural support for programming languages and operating systems},
  pages={96--107},
  year={2002}
}

@techreport{hill2002wireless,
  title={A wireless embedded sensor architecture for system-level optimization},
  author={Hill, Jason and Culler, David},
  year={2002},
  institution={Citeseer}
}

@inproceedings{raghunathan2005design,
  title={Design considerations for solar energy harvesting wireless embedded systems},
  author={Raghunathan, Vijay and Kansal, Aman and Hsu, Jason and Friedman, Jonathan and Srivastava, Mani},
  booktitle={IPSN 2005. Fourth International Symposium on Information Processing in Sensor Networks, 2005.},
  pages={457--462},
  year={2005},
  organization={IEEE}
}

@article{weiser1991computer,
  title={The Computer for the 21 st Century},
  author={Weiser, Mark},
  journal={Scientific American},
  volume={265},
  number={3},
  pages={94--105},
  year={1991},
  publisher={JSTOR}
}

@inproceedings{shukla2019skinnypower,
  title={SkinnyPower: enabling batteryless wearable sensors via intra-body power transfer},
  author={Shukla, Rishi and Kiran, Neev and Wang, Rui and Gummeson, Jeremy and Lee, Sunghoon Ivan},
  booktitle={Proceedings of the 17th Conference on Embedded Networked Sensor Systems},
  pages={68--82},
  year={2019}
}

@article{balsamo2014hibernus,
  title={Hibernus: Sustaining computation during intermittent supply for energy-harvesting systems},
  author={Balsamo, Domenico and Weddell, Alex S and Merrett, Geoff V and Al-Hashimi, Bashir M and Brunelli, Davide and Benini, Luca},
  journal={IEEE Embedded Systems Letters},
  volume={7},
  number={1},
  pages={15--18},
  year={2014},
  publisher={IEEE}
}

@article{lucia2015simpler,
  title={A simpler, safer programming and execution model for intermittent systems},
  author={Lucia, Brandon and Ransford, Benjamin},
  journal={ACM SIGPLAN Notices},
  volume={50},
  number={6},
  pages={575--585},
  year={2015},
  publisher={ACM New York, NY, USA}
}

@inproceedings{colin2016chain,
  title={Chain: tasks and channels for reliable intermittent programs},
  author={Colin, Alexei and Lucia, Brandon},
  booktitle={Proceedings of the 2016 ACM SIGPLAN International Conference on Object-Oriented Programming, Systems, Languages, and Applications},
  pages={514--530},
  year={2016}
}

@article{maeng2017alpaca,
  title={Alpaca: Intermittent execution without checkpoints},
  author={Maeng, Kiwan and Colin, Alexei and Lucia, Brandon},
  journal={Proceedings of the ACM on Programming Languages},
  volume={1},
  number={OOPSLA},
  pages={1--30},
  year={2017},
  publisher={ACM New York, NY, USA}
}

@inproceedings{yildirim2018ink,
  title={Ink: Reactive kernel for tiny batteryless sensors},
  author={Y{\i}ld{\i}r{\i}m, Kas{\i}m Sinan and Majid, Amjad Yousef and Patoukas, Dimitris and Schaper, Koen and Pawelczak, Przemyslaw and Hester, Josiah},
  booktitle={Proceedings of the 16th ACM Conference on Embedded Networked Sensor Systems},
  pages={41--53},
  year={2018}
}

@inproceedings{majid2020continuous,
  title={Continuous sensing on intermittent power},
  author={Majid, Amjad Yousef and Schilder, Patrick and Langendoen, Koen},
  booktitle={2020 19th ACM/IEEE International Conference on Information Processing in Sensor Networks (IPSN)},
  pages={181--192},
  year={2020},
  organization={IEEE}
}

@article{curtiss2021facebit,
  title={FaceBit: Smart Face Masks Platform},
  author={Curtiss, Alexander and Rothrock, Blaine and Bakar, Abu and Arora, Nivedita and Huang, Jason and Englhardt, Zachary and Empedrado, Aaron-Patrick and Wang, Chixiang and Ahmed, Saad and Zhang, Yang and others},
  journal={Proceedings of the ACM on Interactive, Mobile, Wearable and Ubiquitous Technologies},
  volume={5},
  number={4},
  pages={1--44},
  year={2021},
  publisher={ACM New York, NY, USA}
}

@inproceedings{geissdoerfer2019shepherd,
  title={Shepherd: A portable testbed for the batteryless IoT},
  author={Geissdoerfer, Kai and Chwalisz, Miko{\l}aj and Zimmerling, Marco},
  booktitle={Proceedings of the 17th Conference on Embedded Networked Sensor Systems},
  pages={83--95},
  year={2019}
}

@inproceedings{fraternali2020ember,
  title={Ember: energy management of batteryless event detection sensors with deep reinforcement learning},
  author={Fraternali, Francesco and Balaji, Bharathan and Sengupta, Dhiman and Hong, Dezhi and Gupta, Rajesh K},
  booktitle={Proceedings of the 18th Conference on Embedded Networked Sensor Systems},
  pages={503--516},
  year={2020}
}

@inproceedings{fraternali2018pible,
  title={Pible: battery-free mote for perpetual indoor BLE applications},
  author={Fraternali, Francesco and Balaji, Bharathan and Agarwal, Yuvraj and Benini, Luca and Gupta, Rajesh},
  booktitle={Proceedings of the 5th Conference on Systems for Built Environments},
  pages={168--171},
  year={2018}
}

@inproceedings{valk2018designing,
  title={Designing for technology acceptance of wearable and mobile technologies for senior citizen users},
  author={Valk, CAL and Lu, Y and Randriambelonoro, Mirana and Jessen, Jari},
  booktitle={Academic Design Management Conference Proceedings (ADMC 2018)},
  pages={1361--1373},
  year={2018}
}

@inproceedings{truong2018capband,
  title={Capband: Battery-free successive capacitance sensing wristband for hand gesture recognition},
  author={Truong, Hoang and Zhang, Shuo and Muncuk, Ufuk and Nguyen, Phuc and Bui, Nam and Nguyen, Anh and Lv, Qin and Chowdhury, Kaushik and Dinh, Thang and Vu, Tam},
  booktitle={Proceedings of the 16th ACM Conference on Embedded Networked Sensor Systems},
  pages={54--67},
  year={2018}
}

@inproceedings{marcano2022soil,
  title={Soil Power? Can Microbial Fuel Cells Power Non-Trivial Sensors?},
  author={Marcano, Gabriel and Pannuto, Pat},
  booktitle={Proceedings of the 1st ACM Workshop on No Power and Low Power Internet-of-Things},
  pages={8--13},
  year={2022}
}

@article{josephson2020farming,
  title={Farming Electrons: Galvanic Versus Microbial Energy in Soil Batteries},
  author={Josephson, Colleen and Jackson, Neal and Pannuto, Pat},
  journal={IEEE Sensors Letters},
  volume={4},
  number={12},
  pages={1--4},
  year={2020},
  publisher={IEEE}
}

@article{aeo2022,
  title={Annual energy outlook 2022 (AEO2022)},
  journal={Energy Information Agency},
  year={2022}
}

@article{wei2020deep,
  title={A deep-reinforcement-learning-Based recommender system for occupant-driven energy optimization in commercial buildings},
  author={Wei, Peter and Xia, Stephen and Chen, Runfeng and Qian, Jingyi and Li, Chong and Jiang, Xiaofan},
  journal={IEEE Internet of Things Journal},
  volume={7},
  number={7},
  pages={6402--6413},
  year={2020},
  publisher={IEEE}
}

@article{everingham2010pascal,
  title={The pascal visual object classes (voc) challenge},
  author={Everingham, Mark and Van Gool, Luc and Williams, Christopher KI and Winn, John and Zisserman, Andrew},
  journal={International journal of computer vision},
  volume={88},
  number={2},
  pages={303--338},
  year={2010},
  publisher={Springer}
}

@manual{coraltpu,
    author={{Coral}},
    title={Accelerator Module datasheet},
    number={G313-06329-00},
    year={2020},
    howpublished = {\url{https://coral.ai/static/files/Coral-Accelerator-Module-datasheet.pdf}}
}

@misc{armethos,
  title={Arm Ethos-N series processors},
  author={ARM},
  year={2020},
  howpublished = {\url{https://developer.arm.com/ip-products/processors/machine-learning/arm-ethos-n}}
}

@misc{armm55,
  title={CORTEX-M55},
  author={ARM},
  year={2020},
  howpublished = {\url{https://www.arm.com/products/silicon-ip-cpu/cortex-m/cortex-m55}}
}

@misc{himaxwiseeye,
  title={Himax Unveils AI-Embedded WiseEye ASIC to Enable Tiny Machine Learning for Ultra-Low Power Applications
},
  author={Himax},
  year={2019},
  howpublished = {\url{https://www.globenewswire.com/news-release/2019/09/17/1916484/0/en/Himax-Unveils-AI-Embedded-WiseEye-ASIC-to-Enable-Tiny-Machine-Learning-for-Ultra-Low-Power-Applications.html}}
}

@inproceedings{kim2018system,
  title={System architecture directions for post-soc/32-bit networked sensors},
  author={Kim, Hyung-Sin and Andersen, Michael P and Chen, Kaifei and Kumar, Sam and Zhao, William J and Ma, Kevin and Culler, David E},
  booktitle={Proceedings of the 16th ACM Conference on Embedded Networked Sensor Systems},
  pages={264--277},
  year={2018}
}

@inproceedings{howard2019searching,
  title={Searching for mobilenetv3},
  author={Howard, Andrew and Sandler, Mark and Chu, Grace and Chen, Liang-Chieh and Chen, Bo and Tan, Mingxing and Wang, Weijun and Zhu, Yukun and Pang, Ruoming and Vasudevan, Vijay and others},
  booktitle={Proceedings of the IEEE International Conference on Computer Vision},
  pages={1314--1324},
  year={2019}
}

@inproceedings{wu2019fbnet,
  title={Fbnet: Hardware-aware efficient convnet design via differentiable neural architecture search},
  author={Wu, Bichen and Dai, Xiaoliang and Zhang, Peizhao and Wang, Yanghan and Sun, Fei and Wu, Yiming and Tian, Yuandong and Vajda, Peter and Jia, Yangqing and Keutzer, Kurt},
  booktitle={Proceedings of the IEEE Conference on Computer Vision and Pattern Recognition},
  pages={10734--10742},
  year={2019}
}

@inproceedings{kumar2020performant,
  title={Performant $\{$TCP$\}$ for Low-Power Wireless Networks},
  author={Kumar, Sam and Andersen, Michael P and Kim, Hyung-Sin and Culler, David E},
  booktitle={17th $\{$USENIX$\}$ Symposium on Networked Systems Design and Implementation ($\{$NSDI$\}$ 20)},
  pages={911--932},
  year={2020}
}

@article{chowdhery2019visual,
  title={Visual wake words dataset},
  author={Chowdhery, Aakanksha and Warden, Pete and Shlens, Jonathon and Howard, Andrew and Rhodes, Rocky},
  journal={arXiv preprint arXiv:1906.05721},
  year={2019}
}

@article{bormann2016block,
  title={Block-wise transfers in the constrained application protocol (coap)},
  author={Bormann, Carsten and Shelby, Zach},
  journal={Internet proposed standard RFC},
  volume={7959},
  year={2016}
}

@article{shelby2014constrained,
  title={The constrained application protocol (CoAP)},
  author={Shelby, Zach and Hartke, Klaus and Bormann, Carsten},
  year={2014}
}

@article{wang2004image,
  title={Image quality assessment: from error visibility to structural similarity},
  author={Wang, Zhou and Bovik, Alan C and Sheikh, Hamid R and Simoncelli, Eero P},
  journal={IEEE transactions on image processing},
  volume={13},
  number={4},
  pages={600--612},
  year={2004},
  publisher={IEEE}
}

@misc {ImageAI,
    author = "Olafenwa, Moses and Olafenwa, John",
    title  = "ImageAI, an open source python library built to empower developers to build applications and systems  with self-contained Computer Vision capabilities",
    url    = "https://github.com/OlafenwaMoses/ImageAI",
    month  = "mar",
    year   = "2018--"
}

@misc {moodstocks,
    author = "Br√©non, Maxime and Deltheil, C√©dric",
    title  = "Moodstocks JPEC JPEG Encoder",
    url    = "https://github.com/Moodstocks/jpec",
    month  = "mar",
    year   = "2018--"
}

@inproceedings{krizhevsky2012imagenet,
  title={Imagenet classification with deep convolutional neural networks},
  author={Krizhevsky, Alex and Sutskever, Ilya and Hinton, Geoffrey E},
  booktitle={Advances in neural information processing systems},
  pages={1097--1105},
  year={2012}
}

@article{iandola2016squeezenet,
  title={SqueezeNet: AlexNet-level accuracy with 50x fewer parameters and< 0.5 MB model size},
  author={Iandola, Forrest N and Han, Song and Moskewicz, Matthew W and Ashraf, Khalid and Dally, William J and Keutzer, Kurt},
  journal={arXiv preprint arXiv:1602.07360},
  year={2016}
}

@inproceedings{he2016deep,
  title={Deep residual learning for image recognition},
  author={He, Kaiming and Zhang, Xiangyu and Ren, Shaoqing and Sun, Jian},
  booktitle={Proceedings of the IEEE conference on computer vision and pattern recognition},
  pages={770--778},
  year={2016}
}

@inproceedings{sandler2018mobilenetv2,
  title={Mobilenetv2: Inverted residuals and linear bottlenecks},
  author={Sandler, Mark and Howard, Andrew and Zhu, Menglong and Zhmoginov, Andrey and Chen, Liang-Chieh},
  booktitle={Proceedings of the IEEE conference on computer vision and pattern recognition},
  pages={4510--4520},
  year={2018}
}

@inproceedings{liu2016ssd,
  title={Ssd: Single shot multibox detector},
  author={Liu, Wei and Anguelov, Dragomir and Erhan, Dumitru and Szegedy, Christian and Reed, Scott and Fu, Cheng-Yang and Berg, Alexander C},
  booktitle={European conference on computer vision},
  pages={21--37},
  year={2016},
  organization={Springer}
}
@inproceedings{dai2016r,
  title={R-fcn: Object detection via region-based fully convolutional networks},
  author={Dai, Jifeng and Li, Yi and He, Kaiming and Sun, Jian},
  booktitle={Advances in neural information processing systems},
  pages={379--387},
  year={2016}
}

@misc{tensorflow2015-whitepaper,
title={{TensorFlow}: Large-Scale Machine Learning on Heterogeneous Systems},
url={http://tensorflow.org/},
note={Software available from tensorflow.org},
author={
    Mart\'{\i}n~Abadi and
    Ashish~Agarwal and
    Paul~Barham and},
  year={2015},
}

@incollection{pytorch,
title = {PyTorch: An Imperative Style, High-Performance Deep Learning Library},
author = {Paszke, Adam and Gross, Sam and Massa, Francisco and Lerer, Adam and Bradbury, James and Chanan, Gregory and Killeen, Trevor and Lin, Zeming and Gimelshein, Natalia and Antiga, Luca and Desmaison, Alban and Kopf, Andreas and Yang, Edward and DeVito, Zachary and Raison, Martin and Tejani, Alykhan and Chilamkurthy, Sasank and Steiner, Benoit and Fang, Lu and Bai, Junjie and Chintala, Soumith},
booktitle = {Advances in Neural Information Processing Systems 32},
editor = {H. Wallach and H. Larochelle and A. Beygelzimer and F. d\textquotesingle Alch\'{e}-Buc and E. Fox and R. Garnett},
pages = {8024--8035},
year = {2019},
publisher = {Curran Associates, Inc.},
url = {http://papers.neurips.cc/paper/9015-pytorch-an-imperative-style-high-performance-deep-learning-library.pdf}
}

@misc{itseez2015opencv,
  title={Open Source Computer Vision Library},
  author={Itseez},
  year={2015},
  howpublished = {\url{https://github.com/itseez/opencv}}
}

@inproceedings{kulkarni2005senseye,
  title={SensEye: a multi-tier camera sensor network},
  author={Kulkarni, Purushottam and Ganesan, Deepak and Shenoy, Prashant and Lu, Qifeng},
  booktitle={Proceedings of the 13th annual ACM international conference on Multimedia},
  pages={229--238},
  year={2005}
}

@inproceedings{chen2008citric,
  title={CITRIC: A low-bandwidth wireless camera network platform},
  author={Chen, Phoebus and Ahammad, Parvez and Boyer, Colby and Huang, Shih-I and Lin, Leon and Lobaton, Edgar and Meingast, Marci and Oh, Songhwai and Wang, Simon and Yan, Posu and others},
  booktitle={2008 Second ACM/IEEE International Conference on Distributed Smart Cameras},
  pages={1--10},
  year={2008},
  organization={IEEE}
}

@inproceedings{rahimi2005cyclops,
  title={Cyclops: in situ image sensing and interpretation in wireless sensor networks},
  author={Rahimi, Mohammad and Baer, Rick and Iroezi, Obimdinachi I and Garcia, Juan C and Warrior, Jay and Estrin, Deborah and Srivastava, Mani},
  booktitle={Proceedings of the 3rd international conference on Embedded networked sensor systems},
  pages={192--204},
  year={2005}
}

@inproceedings{rowe2007firefly,
  title={Firefly mosaic: A vision-enabled wireless sensor networking system},
  author={Rowe, Anthony and Goel, Dhiraj and Rajkumar, Raj},
  booktitle={28th IEEE International Real-Time Systems Symposium (RTSS 2007)},
  pages={459--468},
  year={2007},
  organization={IEEE}
}

@article{feng2005panoptes,
  title={Panoptes: scalable low-power video sensor networking technologies},
  author={Feng, Wu-Chi and Kaiser, Ed and Feng, Wu Chang and Baillif, Mikael Le},
  journal={ACM Transactions on Multimedia Computing, Communications, and Applications (TOMM)},
  volume={1},
  number={2},
  pages={151--167},
  year={2005},
  publisher={Acm New York, NY, USA}
}

@inproceedings{hengstler2007mesheye,
  title={MeshEye: a hybrid-resolution smart camera mote for applications in distributed intelligent surveillance},
  author={Hengstler, Stephan and Prashanth, Daniel and Fong, Sufen and Aghajan, Hamid},
  booktitle={Proceedings of the 6th international conference on Information processing in sensor networks},
  pages={360--369},
  year={2007}
}

@article{kerhet2007low,
  title={A low-power wireless video sensor node for distributed object detection},
  author={Kerhet, Aliaksei and Magno, Michele and Leonardi, Francesco and Boni, Andrea and Benini, Luca},
  journal={journal of real-time image processing},
  volume={2},
  number={4},
  pages={331--342},
  year={2007},
  publisher={Springer}
}

@inproceedings{naderiparizi2015wispcam,
  title={WISPCam: A battery-free RFID camera},
  author={Naderiparizi, Saman and Parks, Aaron N and Kapetanovic, Zerina and Ransford, Benjamin and Smith, Joshua R},
  booktitle={2015 IEEE International Conference on RFID (RFID)},
  pages={166--173},
  year={2015},
  organization={IEEE}
}

@inproceedings{josephson2019wireless,
  title={Wireless computer vision using commodity radios},
  author={Josephson, Colleen and Yang, Lei and Zhang, Pengyu and Katti, Sachin},
  booktitle={2019 18th ACM/IEEE International Conference on Information Processing in Sensor Networks (IPSN)},
  pages={229--240},
  year={2019},
  organization={IEEE}
}

@inproceedings{nardello2019camaroptera,
  title={Camaroptera: A batteryless long-range remote visual sensing system},
  author={Nardello, Matteo and Desai, Harsh and Brunelli, Davide and Lucia, Brandon},
  booktitle={Proceedings of the 7th International Workshop on Energy Harvesting \& Energy-Neutral Sensing Systems},
  pages={8--14},
  year={2019}
}

@misc{levitonDecora,
	author={{Leviton}},
	title={MULTI-TECHNOLOGY PIR/ULTRASONIC WALL SWITCH AND OCCUPANCY SENSOR},
	howpublished={\url{https://store.leviton.com/products/multi-technology-pir-ultrasonic-wall-switch-and-occupancy-sensor-black-ossmt-gde?variant=18216120131}},
	year={2022},
}

@misc{
    blinkindoor, 
    url={https://www.amazon.com/Blink-Home-Security-Detection-Included/dp/B018HC6PVA}, 
    title={Blink Indoor}, 
    author={Amazon}
}

@misc{
    wyzeoutdoor, 
    url={https://wyze.com/wyze-cam-outdoor.html}, 
    title={Wyze Outdoor}, 
    author={Wyze}
}

@misc{
    nrelsolar,
    title={Solar Resource Maps and Data},
    year={2018},
    month={February},
    author={NREL},
    howpublished={\url{https://www.nrel.gov/gis/solar-resource-maps.html}}
}

@article{desai2022camaroptera,
  title={Camaroptera: A Long-Range Image Sensor with Local Inference for Remote Sensing Applications},
  author={Desai, Harsh and Nardello, Matteo and Brunelli, Davide and Lucia, Brandon},
  journal={ACM Transactions on Embedded Computing Systems (TECS)},
  year={2022},
  publisher={ACM New York, NY}
}

@article{michael2020conversion,
  title={A conversion guide: solar irradiance and lux illuminance},
  author={Michael, Peter R and Johnston, Danvers E and Moreno, Wilfrido},
  journal={Journal of Measurements in Engineering},
  volume={8},
  number={4},
  pages={153--166},
  year={2020},
  publisher={JVE International Ltd.}
}