@article{han2014cycle,
  title={Cycle life of commercial lithium-ion batteries with lithium titanium oxide anodes in electric vehicles},
  author={Han, Xuebing and Ouyang, Minggao and Lu, Languang and Li, Jianqiu},
  journal={Energies},
  volume={7},
  number={8},
  pages={4895--4909},
  year={2014},
  publisher={Multidisciplinary Digital Publishing Institute}
}

@inproceedings{brunell2016effect,
  title={Effect of Zero Volt Storage on Commercial Lithium Titanate Cells},
  author={Brunell, Michael and Hanauer, Brad and Loveridge, Melanie and Dashwood, Richard and Bhagat, Rohit},
  booktitle={Meeting Abstracts},
  number={6},
  pages={896--896},
  year={2016},
  organization={The Electrochemical Society}
}

@inproceedings{hesterNew17,
 author = {Hester, Josiah and Sorber, Jacob},
 title = {The Future of Sensing is Batteryless, Intermittent, and Awesome},
 booktitle = {Proceedings of the 15th ACM Conference on Embedded Network Sensor Systems},
 series = {SenSys '17},
 year = {2017},
 isbn = {978-1-4503-5459-2},
 location = {Delft, Netherlands},
 pages = {21:1--21:6},
 articleno = {21},
 numpages = {6},
 url = {http://doi.acm.org/10.1145/3131672.3131699},
 doi = {10.1145/3131672.3131699},
 acmid = {3131699},
 publisher = {ACM},
 address = {New York, NY, USA},
 keywords = {Batteryless, Energy harvesting, Intermittent, Sensing},
}

@inproceedings{hesterTragedy15,
 author = {Hester, Josiah and Sitanayah, Lanny and Sorber, Jacob},
 title = {Tragedy of the Coulombs: Federating Energy Storage for Tiny, Intermittently-Powered Sensors},
 booktitle = {Proceedings of the 13th ACM Conference on Embedded Networked Sensor Systems},
 series = {SenSys '15},
 year = {2015},
 isbn = {978-1-4503-3631-4},
 location = {Seoul, South Korea},
 pages = {5--16},
 numpages = {12},
 url = {http://doi.acm.org/10.1145/2809695.2809707},
 doi = {10.1145/2809695.2809707},
 acmid = {2809707},
 publisher = {ACM},
 address = {New York, NY, USA},
 keywords = {capacitor, embedded system, energy harvesting, federated energy, task coupling},
}

@inproceedings{hesterFlicker17,
 author = {Hester, Josiah and Sorber, Jacob},
 title = {Flicker: Rapid Prototyping for the Batteryless Internet-of-Things},
 booktitle = {Proceedings of the 15th ACM Conference on Embedded Network Sensor Systems},
 series = {SenSys '17},
 year = {2017},
 isbn = {978-1-4503-5459-2},
 location = {Delft, Netherlands},
 pages = {19:1--19:13},
 articleno = {19},
 numpages = {13},
 url = {http://doi.acm.org/10.1145/3131672.3131674},
 doi = {10.1145/3131672.3131674},
 acmid = {3131674},
 publisher = {ACM},
 address = {New York, NY, USA},
 keywords = {Batteryless, Energy Harvesting, Flicker, Intermittent, Wearable},
}

@inproceedings{hesterTimely17,
 author = {Hester, Josiah and Storer, Kevin and Sorber, Jacob},
 title = {Timely Execution on Intermittently Powered Batteryless Sensors},
 booktitle = {Proceedings of the 15th ACM Conference on Embedded Network Sensor Systems},
 series = {SenSys '17},
 year = {2017},
 isbn = {978-1-4503-5459-2},
 location = {Delft, Netherlands},
 pages = {17:1--17:13},
 articleno = {17},
 numpages = {13},
 url = {http://doi.acm.org/10.1145/3131672.3131673},
 doi = {10.1145/3131672.3131673},
 acmid = {3131673},
 publisher = {ACM},
 address = {New York, NY, USA},
 keywords = {Batteryless, Energy harvesting, Intermittent, Task language, Time},
}

@inproceedings{colinReconfigurable18,
 author = {Colin, Alexei and Ruppel, Emily and Lucia, Brandon},
 title = {A Reconfigurable Energy Storage Architecture for Energy-harvesting Devices},
 booktitle = {Proceedings of the Twenty-Third International Conference on Architectural Support for Programming Languages and Operating Systems},
 series = {ASPLOS '18},
 year = {2018},
 isbn = {978-1-4503-4911-6},
 location = {Williamsburg, VA, USA},
 pages = {767--781},
 numpages = {15},
 url = {http://doi.acm.org/10.1145/3173162.3173210},
 doi = {10.1145/3173162.3173210},
 acmid = {3173210},
 publisher = {ACM},
 address = {New York, NY, USA},
 keywords = {energy burst, energy-harvesting power system, intermittent computing},
}

@inproceedings{luciaIntermittent17,
  title={Intermittent Computing: Challenges and Opportunities},
  author={Brandon Lucia and Vignesh Balaji and Alexei Colin and Kiwan Maeng and Emily Ruppel},
  booktitle={SNAPL},
  year={2017}
}

@inproceedings{campbellEnergy14,
 author = {Campbell, Bradford and Dutta, Prabal},
 title = {An Energy-harvesting Sensor Architecture and Toolkit for Building Monitoring and Event Detection},
 booktitle = {Proceedings of the 1st ACM Conference on Embedded Systems for Energy-Efficient Buildings},
 series = {BuildSys '14},
 year = {2014},
 isbn = {978-1-4503-3144-9},
 location = {Memphis, Tennessee},
 pages = {100--109},
 numpages = {10},
 url = {http://doi.acm.org/10.1145/2674061.2674083},
 doi = {10.1145/2674061.2674083},
 acmid = {2674083},
 publisher = {ACM},
 address = {New York, NY, USA},
 keywords = {architecture, building monitoring, energy-harvesting, sensing},
}


@inproceedings{yervaGrafting12,
 author = {Yerva, Lohit and Campbell, Brad and Bansal, Apoorva and Schmid, Thomas and Dutta, Prabal},
 title = {Grafting Energy-harvesting Leaves Onto the Sensornet Tree},
 booktitle = {Proceedings of the 11th International Conference on Information Processing in Sensor Networks},
 series = {IPSN '12},
 year = {2012},
 isbn = {978-1-4503-1227-1},
 location = {Beijing, China},
 pages = {197--208},
 numpages = {12},
 url = {http://doi.acm.org/10.1145/2185677.2185733},
 doi = {10.1145/2185677.2185733},
 acmid = {2185733},
 publisher = {ACM},
 address = {New York, NY, USA},
 keywords = {energy-harvesting sensor node, low power wireless networking},
}

@article{wangCycle11,
title = "Cycle-life model for graphite-LiFePO4 cells",
journal = "Journal of Power Sources",
volume = "196",
number = "8",
pages = "3942 - 3948",
year = "2011",
issn = "0378-7753",
doi = "https://doi.org/10.1016/j.jpowsour.2010.11.134",
url = "http://www.sciencedirect.com/science/article/pii/S0378775310021269",
author = "John Wang and Ping Liu and Jocelyn Hicks-Garner and Elena Sherman and Souren Soukiazian and Mark Verbrugge and Harshad Tataria and James Musser and Peter Finamore",
keywords = "LiFePO battery, Life model, Cell aging, Cycle life"
}

@article{sarasketaCycle15,
title = "Cycle ageing analysis of a LiFePO4/graphite cell with dynamic model validations: Towards realistic lifetime predictions",
journal = "Journal of Power Sources",
volume = "275",
pages = "573 - 587",
year = "2015",
issn = "0378-7753",
doi = "https://doi.org/10.1016/j.jpowsour.2014.10.153",
url = "http://www.sciencedirect.com/science/article/pii/S0378775314017728",
author = "E. Sarasketa-Zabala and I. Gandiaga and E. Martinez-Laserna and L.M. Rodriguez-Martinez and I. Villarreal",
keywords = "Li-ion battery ageing, LiFePO (LFP)/graphite, Cycle-life performance model, Dynamic cycling profiles, Lithium inventory loss (LLI), Loss of active material (LAM)"
}

@INPROCEEDINGS{shenAdvanced13,
author={J. Shen and S. Dusmez and A. Khaligh},
booktitle={2013 IEEE Transportation Electrification Conference and Expo (ITEC)},
title={An advanced electro-thermal cycle-lifetime estimation model for LiFePO4 batteries},
year={2013},
volume={},
number={},
pages={1-6},
}

@INPROCEEDINGS{guenaDepth06,
author={T. Guena and P. Leblanc},
booktitle={INTELEC 06 - Twenty-Eighth International Telecommunications Energy Conference},
title={How Depth of Discharge Affects the Cycle Life of Lithium-Metal-Polymer Batteries},
year={2006},
volume={},
number={},
pages={1-8},
keywords={life testing;secondary cells;telecommunication power supplies;43 degC;60 degC;DOD;LMP cells;cumulative discharge capacity;cycle life;cycling protocols;depth of discharge;lithium-metal-polymer batteries;telecommunication power supplies;Batteries;Data analysis;Energy storage;Frequency;Lithium;Protocols;Temperature distribution;Testing;US Department of Defense;Voltage},
doi={10.1109/INTLEC.2006.251641},
ISSN={0275-0473},
month={Sept},}
doi={10.1109/ITEC.2013.6574494},
ISSN={},
month={June},}

@article{burnsPredicting13,
  title={Predicting and extending the lifetime of Li-ion batteries},
  author={Burns, JC and Kassam, Adil and Sinha, NN and Downie, LE and Solnickova, Lucie and Way, BM and Dahn, JR},
  journal={Journal of The Electrochemical Society},
  volume={160},
  number={9},
  pages={A1451--A1456},
  year={2013},
  publisher={The Electrochemical Society}
}

@article{hallExperimental18,
title = "Experimental investigation of the thermal and cycling behavior of a lithium titanate-based lithium-ion pouch cell ",
journal = "Journal of Energy Storage ",
volume = "17",
pages = "109 - 117",
year = "2018",
issn = "2352-152X",
doi = "https://doi.org/10.1016/j.est.2018.02.012",
url = "https://www.sciencedirect.com/science/article/pii/S2352152X17302475",
author = "Florian Hall and Jonas Touzri and Sabine Wu{\ss}ler and Hilmi Buqa and Wolfgang G. Bessler",
}

@article{omarLithium14,
title = "Lithium iron phosphate based battery -- Assessment of the aging parameters and development of cycle life model",
journal = "Applied Energy",
volume = "113",
pages = "1575 - 1585",
year = "2014",
issn = "0306-2619",
doi = "https://doi.org/10.1016/j.apenergy.2013.09.003",
url = "http://www.sciencedirect.com/science/article/pii/S0306261913007393",
author = "Noshin Omar and Mohamed Abdel Monem and Yousef Firouz and Justin Salminen and Jelle Smekens and Omar Hegazy and Hamid Gaulous and Grietus Mulder and Peter Van den Bossche and Thierry Coosemans and Joeri Van Mierlo",
}

@INPROCEEDINGS{millnerModeling10,
author={A. Millner},
booktitle={2010 IEEE Conference on Innovative Technologies for an Efficient and Reliable Electricity Supply},
title={Modeling Lithium Ion battery degradation in electric vehicles},
year={2010},
volume={},
number={},
pages={349-356},
keywords={battery powered vehicles;crack detection;equivalent circuits;lithium;secondary cells;aging model;battery life cycle prediction;crack propagation;electric vehicles;equivalent circuit model;lithium ion battery degradation;Batteries;Data models;Discharges;Integrated circuit modeling;Lithium;Mathematical model;System-on-a-chip},
doi={10.1109/CITRES.2010.5619782},
ISSN={},
month={Sept},}

@misc{skeletonTechCap,
	author={{Skeleton Technologies}},
	howpublished={\url{http://skeletontech.com/datasheets/skelcap-energy-en.pdf}},
	year={2018},
}

@article{belharouakElectrochemistry11,
title = "Electrochemistry and safety of Li4Ti5O12 and graphite anodes paired with LiMn2O4 for hybrid electric vehicle Li-ion battery applications",
journal = "Journal of Power Sources",
volume = "196",
number = "23",
pages = "10344 - 10350",
year = "2011",
issn = "0378-7753",
doi = "https://doi.org/10.1016/j.jpowsour.2011.08.079",
url = "http://www.sciencedirect.com/science/article/pii/S0378775311016259",
author = "Ilias Belharouak and Gary M. Koenig and K. Amine",
keywords = "HEV, PHEV, Lithium battery, Lithium Titanate, Spinel, Safety"
}

@misc{kemetCap,
    author={{Kemet Electronic Components}},
    title={FY Series Datasheet},
    howpublished={\url{https://content.kemet.com/datasheets/KEM_S6015_FY.pdf}},
    year={2017},
}

@misc{seikoCap,
    author={{Seiko Instruments}},
    title={Micro Battery Catalog},
    howpublished={\url{https://www.sii.co.jp/en/me/files/2017/04/MicroBatteryCatalogue-E_2017_web.pdf}},
    year={2017},
}

@INPROCEEDINGS{duttaEnergy08,
    author={P. Dutta and M. Feldmeier and J. Paradiso and D. Culler},
    booktitle={2008 International Conference on Information Processing in Sensor Networks (ipsn 2008)},
    title={Energy Metering for Free: Augmenting Switching Regulators for Real-Time Monitoring},
    year={2008},
    volume={},
    number={},
    pages={283-294},
    keywords={microcontrollers;power meters;augmenting switching regulators;built-in switching regulator;energy metering;externally-clocked counter;iCount;load current;microcontroller;real-time monitoring;switching frequency;Delay;Energy measurement;Microcontrollers;Monitoring;Pulse modulation;Real time systems;Regulators;Switching frequency;Watthour meters;Wire;current accumulation;energy meter;low power},
    doi={10.1109/IPSN.2008.58},
    ISSN={},
    month={April},
}

@INPROCEEDINGS{feeneyDynamics14,
    author={L. M. Feeney and C. Rohner and A. Lindgren},
    booktitle={2014 11th Annual Conference on Wireless On-demand Network Systems and Services (WONS)},
    title={How do the dynamics of battery discharge affect sensor lifetime?},
    year={2014},
    volume={},
    number={},
    pages={49-56},
    keywords={discharges (electric);secondary cells;telecommunication power supplies;wireless sensor networks;CR2032 lithium coin cells;WSN-typical load parameters;battery discharge dynamics;battery-powered wireless sensor networks;complex electrochemical systems;device lifetime evaluation;discharge behavior;energy consumption evaluation;network dimensioning;sensor lifetime prediction;total charge estimation;Batteries;Battery charge measurement;Current measurement;Discharges (electric);Load modeling;Voltage measurement;Wireless sensor networks},
    doi={10.1109/WONS.2014.6814721},
    ISSN={},
    month={April},
}

@misc{lipoDatasheet,
    author = {{Data Power Technology}},
    title = {Polymer Li-ion Rechargeable Battery Specification},
    howpublished = {\url{https://cdn.sparkfun.com/datasheets/Prototyping/SPE-00-301120-40mah-en-1.0ver.pdf}},
    year = {2015},
}

@misc{LTODatasheet,
    author = {{HuaHui New Energy}},
    title = {LTO Battery Specification},
    howpublished = {\url{http://www.batteryspace.com/prod-specs/7455.pdf}},
    year = {2013},
}

@misc{LTODatasheet2,
    author = {{HuaHui New Energy}},
    title = {LTO Battery Catalog},
    howpublished = {\url{https://drive.google.com/file/d/1TPE2S3EoUMz86eEXSFAPKOOUdnP5ANFD/view}},
    year = {2018},
}

@misc{tantalumDatasheet,
    author = {{AVX}},
    title = {TPS Series Capacitor Datasheet},
    howpublished = {\url{http://datasheets.avx.com/TPS.pdf}},
    year = {2018},
}

@misc{ceramicDatasheet,
    author = {{Samsung Electro-Mechanics}},
    title = {Multi-layer Ceramic Capacitor},
    howpublished ={\url{http://www.samsungsem.com/kr/front/downloadcms.do?path=/kr/support/product-search/mlcc/__icsFiles/afieldfile/2014/11/05&fileName=C_CL32A107MPVNNNE.pdf}},
    year = {2013}
}

@misc{ceramicDatasheet2,
    author = {{Samsung Electro-Mechanics}},
    title = {Multi-layer Ceramic Capacitor},
    howpublished ={\url{http://www.samsungsem.com/kr/support/product-search/mlcc/__icsFiles/afieldfile/2017/12/06/Data\%20sheet_CL31A476MQHNNNE.pdf}},
    year = {2013},
}

@misc{thinDatasheet,
    author = {{ST Micro}},
    title = {EFL1K0AF39 Datasheet},
    howpublished = {\url{http://www.st.com/content/ccc/resource/technical/document/datasheet/cd/ac/89/0b/b4/8e/43/0b/CD00270103.pdf/files/CD00270103.pdf/jcr:content/translations/en.CD00270103.pdf}},
    year = {2017},
}

@misc{thinDatasheet2,
    author = {{Cymbet Corporation}},
    title = {EnerChip CBC050 Datasheet},
    howpublished = {http://www.cymbet.com/pdfs/DS-72-01.pdf},
    year = {2014},
}

@misc{bq25505,
    author = {{Texas Instruments}},
    title = {BQ25505 Datasheet},
    howpublished = {\url{http://www.ti.com/lit/ds/symlink/bq25505.pdf}},
    year = {2015},
}

@misc{max17222,
    author = {{Maxim Integrated}},
    title = {MAX17222 Datasheet},
    howpublished = {\url{https://datasheets.maximintegrated.com/en/ds/MAX17220-MAX17225.pdf}},
    year = {2017},
}

@misc{adp5091,
    author = {{Analog Devices}},
    title = {ADP5091 Datasheet},
    howpublished = {\url{http://www.analog.com/media/en/technical-documentation/data-sheets/ADP5091-5092.pdf}},
    year = {2017},
}

@misc{si7021,
    author = {{Silicon Labs}},
    title = {SI7021 Datasheet},
    howpublished = {\url{https://www.silabs.com/documents/public/data-sheets/Si7021-A20.pdf}},
    year = {2016},
}

@misc{txc-oscillator,
    author = {{TXC}},
    title = {SMD Seam Sealing Crystals Datasheet},
    howpublished = {\url{http://www.txccorp.com/download/products/quartz_crystals/2015TXC_7M_17.pdf}},
    year = {2010},
}

@misc{nrf52840,
    author = {{Nordic Semiconductor}},
    title = {NRF52840 Reference Manual},
    howpublished = {\url{https://infocenter.nordicsemi.com/pdf/nRF52840_PS_v1.2.pdf}},
    year = {2021},
}

@misc{pressac,
    author = {{Pressac}},
    title = {Pressac CO2 Sensor Datasheet},
    howpublished = {\url{http://www.pressac.com/help/CO2TemperatureAndHumiditySensor.html}},
    year = {2017},
}

@ARTICLE{zimmermanSelf04,
    author={A. H. Zimmerman},
    journal={IEEE Aerospace and Electronic Systems Magazine},
    title={Self-discharge losses in lithium-ion cells},
    year={2004},
    volume={19},
    number={2},
    pages={19-24},
    doi={10.1109/MAES.2004.1269687},
    ISSN={0885-8985},
    month={Feb},
}

@INPROCEEDINGS{swierczynskiInvestigation14,
    author={M. Swierczynski and D. I. Stroe and A. I. Stan and R. Teodorescu and S. K. K{\oe}r},
    booktitle={2014 IEEE Conference and Expo Transportation Electrification Asia-Pacific (ITEC Asia-Pacific)},
    title={Investigation on the Self-discharge of the LiFePO4/C nanophosphate battery chemistry at different conditions},
    year={2014},
    volume={},
    number={},
    pages={1-6},
    keywords={battery management systems;electrochemical electrodes;iron alloys;nanostructured materials;secondary cells;C;LiFePO4;battery SOC;battery management system;iron phosphate cathodes;lithium ion battery cells;nanophosphate battery chemistry;self-discharge;Batteries;Battery charge measurement;Chemistry;Electrodes;Lithium;System-on-chip;Temperature measurement},
    doi={10.1109/ITEC-AP.2014.6940762},
    ISSN={},
    month={Aug},
}

@misc{tlv3691,
    author = {{Texas Instruments}},
    title = {TLV3691 Datasheet},
    howpublished = {\url{http://www.ti.com/lit/ds/symlink/tlv3691.pdf}},
    year = {2015},
}

@misc{murataCap,
    author = {Murata},
    title = {DMF Series EDLCs},
    howpublished = {\url{https://www.murata.com/en-us/products/productdata/8796857270302/MFCDSF1E.pdf?1496719831000}},
    year = {2016},
}

@misc{illinoisCap,
    author = {Illinois Capacitor},
    title = {DCN Super Capacitors},
    howpublished = {\url{https://www.illinoiscapacitor.com/pdf/seriesDocuments/DCN\%20series.pdf}},
    year = {2017},
}

@misc{lifepo4Datasheet,
    author = {{A123 Systems}},
    title = {Nanophosphate High Power Lithium Ion Cell},
    howpublished = {\url{http://www.batteryspace.com/prod-specs/6610.pdf}},
    year = {2012},
}

@article{chenEvaluation15,
    title = "Evaluation of the low temperature performance of lithium manganese oxide/lithium titanate lithium-ion batteries for start/stop applications",
    journal = "Journal of Power Sources",
    volume = "278",
    pages = "411 - 419",
    year = "2015",
    issn = "0378-7753",
    doi = "https://doi.org/10.1016/j.jpowsour.2014.12.051",
    url = "http://www.sciencedirect.com/science/article/pii/S0378775314020795",
    author = "Kebin Chen and Zhiqiang Yu and Shawn Deng and Qiang Wu and Jianxin Zou and Xiaoqin Zeng",
    keywords = "Battery, Start stop, Lithium manganese oxide, Lithium titanate, Reference electrode"
}

@misc{murataTech,
    author = {Murata},
    title = {Murata Supercapacitor Technical Note},
    howpublished = {\url{https://www.murata.com/~/media/webrenewal/products/capacitor/edlc/techguide/electrical/c2m1cxs-053.ashx?la=en}},
    year = {2013},
}

@article{gorlatova2013networking,
  title={Networking low-power energy harvesting devices: Measurements and algorithms},
  author={Gorlatova, Maria and Wallwater, Aya and Zussman, Gil},
  journal={IEEE Transactions on Mobile Computing},
  volume={12},
  number={9},
  pages={1853--1865},
  year={2013},
  publisher={IEEE}
}

@inproceedings{mainwaring2002wireless,
  title={Wireless sensor networks for habitat monitoring},
  author={Mainwaring, Alan and Culler, David and Polastre, Joseph and Szewczyk, Robert and Anderson, John},
  booktitle={Proceedings of the 1st ACM international workshop on Wireless sensor networks and applications},
  pages={88--97},
  year={2002},
  organization={Acm}
}

@inproceedings{polastre2005telos,
  title={Telos: Enabling ultra-low power wireless research},
  author={Polastre, Joseph and Szewczyk, Robert and Culler, David},
  booktitle={Proceedings of the 4th international symposium on Information processing in sensor networks},
  pages={48},
  year={2005},
  organization={IEEE Press}
}

@inproceedings{lin2005heliomote,
  title={Heliomote: enabling long-lived sensor networks through solar energy harvesting},
  author={Lin, Kris and Yu, Jennifer and Hsu, Jason and Zahedi, Sadaf and Lee, David and Friedman, Jonathan and Kansal, Aman and Raghunathan, Vijay and Srivastava, Mani},
  booktitle={Proceedings of the 3rd international conference on Embedded networked sensor systems},
  pages={309--309},
  year={2005},
  organization={ACM}
}

@article{adkins2018signpost,
  title={The Signpost Platform for City-Scale Sensing},
  author={Adkins, Joshua and Ghena, Branden and Jackson, Neal and Pannuto, Pat and Rohrer, Samuel and Campbell, Bradford and Dutta, Prabal},
  journal={arXiv preprint arXiv:1802.07805},
  year={2018}
}

@inproceedings{adkins2015michigan,
  title={Michigan's IoT Toolkit},
  author={Adkins, Joshua and Campbell, Bradford and DeBruin, Samuel and Ghena, Branden and Kempke, Benjamin and Klugman, Noah and Kuo, Ye-sheng and Natarajan, Deepika and Pannuto, Pat and Zachariah, Thomas and others},
  booktitle={Proceedings of the 13th ACM Conference on Embedded Networked Sensor Systems},
  pages={485--486},
  year={2015},
  organization={ACM}
}

@article{andersen2017hamilton,
  title={Hamilton-A Cost-Effective, Low Power Networked Sensor for Indoor Environment Monitoring},
  author={Andersen, Michael P and Kim, Hyung-Sin and Culler, David E},
  year={2017}
}

@online{hamiltoniot,
  title={Hamilton H7C (PIR)},
  year={2018},
  url={https://hamiltoniot.com/products/hamilton-h7c-pir-20-sensors-pack},
}

@article{kansal2007power,
  title={Power management in energy harvesting sensor networks},
  author={Kansal, Aman and Hsu, Jason and Zahedi, Sadaf and Srivastava, Mani B},
  journal={ACM Transactions on Embedded Computing Systems (TECS)},
  volume={6},
  number={4},
  pages={32},
  year={2007},
  publisher={ACM}
}

@inproceedings{corke2007long,
  title={Long-duration solar-powered wireless sensor networks},
  author={Corke, Peter and Valencia, Philip and Si, Pavan and Wark, Tim and Overs, Les},
  booktitle={Proceedings of the 4th workshop on Embedded networked sensors},
  pages={33--37},
  year={2007},
  organization={ACM}
}

@inproceedings{debruin2013monjolo,
  title={Monjolo: An energy-harvesting energy meter architecture},
  author={DeBruin, Samuel and Campbell, Bradford and Dutta, Prabal},
  booktitle={Proceedings of the 11th ACM Conference on Embedded Networked Sensor Systems},
  pages={18},
  year={2013},
  organization={ACM}
}

@article{kansal2004performance,
  title={Performance aware tasking for environmentally powered sensor networks},
  author={Kansal, Aman and Potter, Dunny and Srivastava, Mani B},
  journal={ACM SIGMETRICS Performance Evaluation Review},
  volume={32},
  number={1},
  pages={223--234},
  year={2004},
  publisher={ACM}
}

@inproceedings{jiang2005perpetual,
  title={Perpetual environmentally powered sensor networks},
  author={Jiang, Xiaofan and Polastre, Joseph and Culler, David},
  booktitle={Proceedings of the 4th international symposium on Information processing in sensor networks},
  pages={65},
  year={2005},
  organization={IEEE Press}
}

@inproceedings{raisigel2010autonomous,
  title={Autonomous wireless sensor node for building climate conditioning application},
  author={Raisigel, Hynek and Chabanis, Gilles and Ressejac, Isabelle and Trouillon, Michel},
  booktitle={Sensor Technologies and Applications (SENSORCOMM), 2010 Fourth International Conference on},
  pages={68--73},
  year={2010},
  organization={IEEE}
}

@inproceedings{martin2012doubledip,
  title={DoubleDip: Leveraging thermoelectric harvesting for low power monitoring of sporadic water use},
  author={Martin, Paul and Charbiwala, Zainul and Srivastava, Mani},
  booktitle={Proceedings of the 10th ACM Conference on Embedded Network Sensor Systems},
  pages={225--238},
  year={2012},
  organization={ACM}
}

@article{margolies2015energy,
  title={Energy-harvesting active networked tags (EnHANTs): Prototyping and experimentation},
  author={Margolies, Robert and Gorlatova, Maria and Sarik, John and Stanje, Gerald and Zhu, Jianxun and Miller, Paul and Szczodrak, Marcin and Vigraham, Baradwaj and Carloni, Luca and Kinget, Peter and others},
  journal={ACM Transactions on Sensor Networks (TOSN)},
  volume={11},
  number={4},
  pages={62},
  year={2015},
  publisher={ACM}
}

@article{yick2008wireless,
  title={Wireless sensor network survey},
  author={Yick, Jennifer and Mukherjee, Biswanath and Ghosal, Dipak},
  journal={Computer networks},
  volume={52},
  number={12},
  pages={2292--2330},
  year={2008},
  publisher={Elsevier}
}

@inproceedings{liang2009racnet,
  title={Racnet: a high-fidelity data center sensing network},
  author={Liang, Chieh-Jan Mike and Liu, Jie and Luo, Liqian and Terzis, Andreas and Zhao, Feng},
  booktitle={Proceedings of the 7th ACM Conference on Embedded Networked Sensor Systems},
  pages={15--28},
  year={2009},
  organization={ACM}
}

@inproceedings{campbellThermes14,
	location = {Memphis, TN},
	conference-url = {http://www.enssys.org/2014/programme.php},
	title = {Energy-Harvesting Thermoelectric Sensing for Unobtrusive Water and Appliance Metering},
	year = {2014},
	month = {November},
	booktitle = {Proceedings of the 2nd International Workshop on Energy Neutral Sensing Systems},
	publisher = {ACM},
	series = {ENSsys'14},
	author = {Campbell, Bradford and Ghena, Branden and Dutta, Prabal},
}

@misc{10mahlipo,
    title={{Ultrathin LiPo Battery Cell}},
    author={{General Electronics Technology Shenzhen}},
    year={2018},
    howpublished={\url{https://www.alibaba.com/product-detail/Ultrathin-lipo-rechargeable-battery-cell-181115_60683655333.html?spm=a2700.7724857.main07.67.25bc7633CwPhhF}},
}

@misc{40mahlipo,
    title = {Rechargeable Li-ion Button Battery},
    author = {{AA Battery Corp}},
    year = {2006},
    howpublished={\url{http://www.batteryspace.com/productimages/aa/20060224/LIR2032_new1.pdf}},
}

@misc{30mahlifepo,
    title = {Mini LiFePo4 Battery},
    author = {{Shenzhen Hibatt Technology}},
    year = {2018},
    howpublished={\url{https://www.alibaba.com/product-detail/Mini-LiFePO4-battery-10130-30mAh-3_60717575578.html?spm=a2700.7724857.main07.8.16295643cyOVQ5}},
}

@misc{primary2032,
    title = {CR2032},
    author = {Panasonic},
    year = {2006},
    howpublished = {\url{https://industrial.panasonic.com/cdbs/www-data/pdf2/AAA4000/AAA4000C321.pdf}},
}

@misc{primarycr123a,
    title = {CR123A},
    author = {Panasonic},
    year = {2006},
    howpublished = {\url{https://industrial.panasonic.com/cdbs/www-data/pdf2/AAA4000/AAA4000C285.pdf}},
}

@misc{sanyoSolarCell,
    title = {Amorphous Silicon Solar Cells / Amorphous Photosensors},
    author = {Sanyo},
    year = {2007},
    howpublished = {\url{https://media.digikey.com/pdf/Data\%20Sheets/Sanyo\%20Energy/Amorphous_Br.pdf}},
}

@inproceedings{debruin15powerblade,
	location = {Seoul, Republic of Korea},
	conference-url = {http://sensys.acm.org/2015/},
	title = {PowerBlade: A Low-Profile, True-Power, Plug-Through Energy Meter},
	year = {2015},
	url = {http://doi.acm.org/10.1145/2809695.2809716},
	booktitle = {Proceedings of the 13th ACM Conference on Embedded Networked Sensor Systems},
	author = {DeBruin, Samuel and Ghena, Branden and Kuo, Ye-Sheng and Dutta, Prabal},
	doi = {10.1145/2809695.2809716},
	address = {New York, NY, USA},
	publisher = {ACM},
	series = {SenSys'15},
	mon = {Nov},
	isbn = {987-1-4503-3631-4},
}


@inproceedings{kininghamCESEL16,
 author = {Kiningham, Kevin and Horowitz, Mark and Levis, Philip and Boneh, Dan},
 title = {CESEL: Securing a Mote for 20 Years},
 booktitle = {Proceedings of the 2016 International Conference on Embedded Wireless Systems and Networks},
 series = {EWSN '16},
 year = {2016},
 isbn = {978-0-9949886-0-7},
 location = {Graz, Austria},
 pages = {307--312},
 numpages = {6},
 url = {http://dl.acm.org/citation.cfm?id=2893711.2893788},
 acmid = {2893788},
 publisher = {Junction Publishing},
 address = {USA},
 keywords = {Flexible Hardware, Internet of Things, Long Term Security},
}

@article{larssonAbuse14,
author = {Larsson, Fredrik and Mellander, Bengt-Erik},
title = {Abuse by External Heating, Overcharge and Short Circuiting of Commercial Lithium-Ion Battery Cells},
volume = {161},
number = {10},
pages = {A1611-A1617},
year = {2014},
URL = {http://jes.ecsdl.org/content/161/10/A1611.abstract},
journal = {Journal of The Electrochemical Society}
}

@book{mikolajczakLithium2012,
  title={Lithium-ion batteries hazard and use assessment},
  author={Mikolajczak, Celina and Kahn, Michael and White, Kevin and Long, Richard Thomas},
  year={2012},
  publisher={Springer Science \& Business Media}
}

@inproceedings{brushHome11,
 author = {Brush, A.J. Bernheim and Lee, Bongshin and Mahajan, Ratul and Agarwal, Sharad and Saroiu, Stefan and Dixon, Colin},
 title = {Home Automation in the Wild: Challenges and Opportunities},
 booktitle = {Proceedings of the SIGCHI Conference on Human Factors in Computing Systems},
 series = {CHI '11},
 year = {2011},
 isbn = {978-1-4503-0228-9},
 location = {Vancouver, BC, Canada},
 pages = {2115--2124},
 numpages = {10},
 url = {http://doi.acm.org/10.1145/1978942.1979249},
 doi = {10.1145/1978942.1979249},
 acmid = {1979249},
 publisher = {ACM},
 address = {New York, NY, USA},
 keywords = {domestic technology, home automation, smart home},
}


@inproceedings{edwardsHome01,
 author = {Edwards, W. Keith and Grinter, Rebecca E.},
 title = {At Home with Ubiquitous Computing: Seven Challenges},
 booktitle = {Proceedings of the 3rd International Conference on Ubiquitous Computing},
 series = {UbiComp '01},
 year = {2001},
 isbn = {3-540-42614-0},
 location = {Atlanta, Georgia, USA},
 pages = {256--272},
 numpages = {17},
 url = {http://dl.acm.org/citation.cfm?id=647987.741327},
 acmid = {741327},
 publisher = {Springer-Verlag},
 address = {London, UK, UK},
 keywords = {context-awareness, domestic technologies, evaluation, home, ubiquitous computing},
}

@inproceedings{shehanHome07,
 author = {Shehan, Erika and Edwards, W. Keith},
 title = {Home Networking and HCI: What Hath God Wrought?},
 booktitle = {Proceedings of the SIGCHI Conference on Human Factors in Computing Systems},
 series = {CHI '07},
 year = {2007},
 isbn = {978-1-59593-593-9},
 location = {San Jose, California, USA},
 pages = {547--556},
 numpages = {10},
 url = {http://doi.acm.org/10.1145/1240624.1240712},
 doi = {10.1145/1240624.1240712},
 acmid = {1240712},
 publisher = {ACM},
 address = {New York, NY, USA},
 keywords = {computer networking, home computing, home networking, infrastructure, troubleshooting, ubiquitous computing},
}

@INPROCEEDINGS{toledoLightweight14,
    author={S. Toledo and O. Kishon and Y. Orchan and Y. Bartan and N. Sapir and Y. Vortman and R. Nathan},
    booktitle={2014 6th European Embedded Design in Education and Research Conference (EDERC)},
    title={Lightweight low-cost wildlife tracking tags using integrated transceivers},
    year={2014},
    volume={},
    number={},
    pages={287-291},
    keywords={object tracking;radio tracking;radio transceivers;radiofrequency identification;integrated transceivers;lightweight low-cost wildlife tracking tags;Antennas;Batteries;Capacitors;Software;Transceivers;Wildlife},
    doi={10.1109/EDERC.2014.6924406},
    ISSN={},
    month={Sept},
}

@inproceedings{smithWirelessly06,
 author = {Smith, Joshua R. and Sample, Alanson P. and Powledge, Pauline S. and Roy, Sumit and Mamishev, Alexander},
 title = {A Wirelessly-powered Platform for Sensing and Computation},
 booktitle = {Proceedings of the 8th International Conference on Ubiquitous Computing},
 series = {UbiComp'06},
 year = {2006},
 isbn = {978-3-540-39634-5},
 location = {Orange County, CA},
 pages = {495--506},
 numpages = {12},
 url = {http://dx.doi.org/10.1007/11853565_29},
 doi = {10.1007/11853565_29},
 acmid = {2166312},
 publisher = {Springer-Verlag},
 address = {Berlin, Heidelberg},
}

@INPROCEEDINGS{gorlatovaPrototyping10,
author={M. Gorlatova and T. Sharma and D. Shrestha and E. Xu and J. Chen and A. Skolnik and D. Piao and P. Kinget and J. Kymissis and D. Rubenstein and G. Zussman},
booktitle={2010 7th Annual IEEE Communications Society Conference on Sensor, Mesh and Ad Hoc Communications and Networks (SECON)},
title={Prototyping Energy Harvesting Active Networked Tags (EnHANTs) with MICA2 Motes},
year={2010},
volume={},
number={},
pages={1-3},
keywords={energy harvesting;radiofrequency identification;solar cells;ubiquitous computing;ultra wideband communication;energy harvesting active networked tags;MICA2 mote;ultra-low-power communication;energy-harvesting technology;networking;self-sustainable ubiquitous device;self-reliant tags;RFID;sensor network;ultra-wideband communication;UWB communication;organic semiconductor-based energy harvesting material;tracking application;continuous object monitoring;EnHANT prototype;EnHANT communication;custom-designed sensor board;light sensor;solar cell;light energy;communications pattern;Prototypes;Photovoltaic cells;Hardware;Batteries;Monitoring;Radiofrequency identification;Ultra wideband technology;Solar energy;Transceivers;Communications Society},
doi={10.1109/SECON.2010.5508227},
ISSN={2155-5486},
month={June},}
